Time,Last Price,Last Size,Last Exchange,Bid Price,Bid Size,Bid Exchange,Ask Price,Ask Exchange,Ask Size,Trade Condition
19:59:58 ET,50.04,24,DF,49.9,4,DEX,50.2,DEX,39,--
19:59:22 ET,49.99,5,DF,49.9,4,DEX,50.08,P,4,--
19:58:02 ET,50.04,10,DF,49.9,4,DEX,50.04,P,4,--
19:57:48 ET,50.04,10,DEX,49.9,4,DEX,50.04,P,4,--
19:55:11 ET,49.9,100,DF,49.9,5,DEX,50.08,P,2,T
19:52:49 ET,49.9,4,DF,49.9,1,DEX,50.06,P,4,--
19:51:22 ET,49.85,50,Q,49.85,1,Q,50.04,P,5,--
19:51:22 ET,49.88,500,Q,49.85,1,Q,50.04,P,5,--
19:51:22 ET,49.89,50,Q,49.85,1,Q,50.04,P,5,--
19:50:31 ET,49.87,8,P,49.85,2,Q,50.06,P,4,--
19:50:31 ET,49.9,50,Q,49.85,2,Q,50.06,P,4,--
19:50:31 ET,49.95,60,P,49.85,2,Q,50.06,P,4,--
19:50:31 ET,49.9,1,DEX,49.85,2,Q,50.06,P,4,--
19:50:31 ET,49.9,50,Q,49.85,2,Q,50.06,P,4,--
19:50:31 ET,49.95,50,Q,49.85,2,Q,50.06,P,4,--
19:48:09 ET,49.95,40,DF,49.9,1,Q,50.06,P,4,--
19:44:59 ET,49.9,3495,DEX,49.85,2,Q,50.06,P,4,T
19:44:59 ET,49.89,300,DEX,49.85,2,Q,50.06,P,4,T
19:44:39 ET,49.9,1000,DF,49.85,2,Q,49.9,DEX,34,T
19:44:07 ET,49.9,5,P,49.85,2,Q,50.06,P,4,--
19:44:07 ET,49.9,200,DEX,49.85,2,Q,50.06,P,4,--
19:44:07 ET,49.9,600,Q,49.9,2,DEX,50.06,P,4,T
19:44:07 ET,49.92,500,P,49.9,2,DEX,50.06,P,4,T
19:44:07 ET,49.91,200,DEX,49.9,2,DEX,50.06,P,4,T
19:43:17 ET,50,500,DEX,49.9,2,DEX,50.06,P,4,--
19:39:39 ET,50.06,56,Q,49.9,6,DEX,50.2,DEX,39,--
19:39:17 ET,50,100,DEX,49.9,6,DEX,50.2,DEX,39,--
19:37:51 ET,50,217,DEX,49.9,2,Q,50.2,DEX,39,T
19:37:32 ET,50,83,DF,49.9,2,Q,50.2,DEX,39,--
19:31:47 ET,50,30,DF,49.9,1,DEX,50.13,DEX,2,--
19:31:17 ET,50.04,11,DEX,50,2,Z,50.04,Z,2,--
19:31:17 ET,50,137,P,50,1,P,50.04,Z,2,--
19:31:17 ET,50.01,37,P,50,1,P,50.04,Z,2,--
19:31:17 ET,50.03,113,P,50,1,P,50.04,Z,2,--
19:31:17 ET,49.99,100,DEX,50,2,P,50.04,Z,2,--
19:31:17 ET,50,100,DEX,50,2,P,50.04,Z,2,--
19:31:17 ET,50.01,200,DEX,50,2,P,50.04,Z,2,--
19:31:17 ET,50.01,100,DEX,50.01,2,DEX,50.04,Z,2,--
19:31:17 ET,50.06,11,Q,50.01,3,DEX,50.04,Z,2,--
19:31:17 ET,50.03,287,P,50.01,3,DEX,50.04,Z,2,--
19:31:17 ET,50.03,100,P,50.01,3,DEX,50.04,Z,2,--
19:31:17 ET,50.04,100,P,50.01,3,DEX,50.04,Z,2,--
19:31:17 ET,50.01,100,DEX,50.01,4,DEX,50.04,Z,2,--
19:31:17 ET,50.02,100,DEX,50.01,4,DEX,50.04,Z,2,--
19:31:17 ET,50.03,200,DEX,50.01,4,DEX,50.04,Z,2,--
19:31:17 ET,50.03,100,DEX,50.01,4,DEX,50.04,Z,2,--
19:31:17 ET,50.06,11,Q,50.01,4,DEX,50.04,Z,2,--
19:31:17 ET,50.04,200,P,50.01,4,DEX,50.04,Z,2,--
19:31:17 ET,50.06,200,Q,50.01,4,DEX,50.04,Z,2,--
19:31:17 ET,50.03,200,DEX,50.01,4,DEX,50.04,Z,2,--
19:31:17 ET,50.03,100,DEX,50.01,4,DEX,50.04,Z,2,--
19:31:17 ET,50.03,100,DEX,50.01,4,DEX,50.04,Z,2,--
19:31:17 ET,50.06,11,Q,50.01,4,DEX,50.04,Z,2,--
19:31:17 ET,50.05,200,P,50.01,4,DEX,50.04,Z,2,--
19:31:17 ET,50.06,200,Q,50.01,4,DEX,50.08,Q,2,--
19:31:17 ET,50.03,100,DEX,50.01,4,DEX,50.08,Q,2,--
19:31:17 ET,50.06,11,Q,50.01,4,DEX,50.08,Q,2,--
19:31:17 ET,50.06,11,Q,50.01,4,DEX,50.08,Q,2,--
19:31:17 ET,50.03,100,DEX,50.01,4,DEX,50.1,P,2,--
19:31:17 ET,50.06,11,Q,50.01,4,DEX,50.1,P,2,--
19:31:17 ET,50.06,11,Q,50.01,4,DEX,50.1,P,2,--
19:30:17 ET,50.1,10,P,50.01,4,DEX,50.1,P,2,--
19:29:57 ET,50.01,3,DF,50.01,3,DEX,50.14,P,4,--
19:11:58 ET,50.15,10,P,50.06,4,P,50.2,DEX,39,--
19:11:28 ET,50.15,1000,DEX,50.06,4,P,50.2,DEX,39,T
19:11:28 ET,50.14,200,DEX,50.06,4,P,50.2,DEX,39,T
19:11:28 ET,50.14,232,DEX,50.06,4,P,50.2,DEX,39,T
19:10:52 ET,50.14,156,DEX,50.06,4,P,50.15,DEX,10,--
19:10:51 ET,50.14,12,DEX,50.06,4,P,50.15,DEX,10,--
19:10:51 ET,50.14,144,DEX,50.06,4,P,50.15,DEX,10,--
19:10:49 ET,50.14,156,DEX,50.06,4,P,50.15,DEX,10,--
19:07:22 ET,50.15,332,DEX,50.06,4,DEX,50.2,DEX,49,T
19:07:21 ET,50.15,156,DEX,50.06,4,DEX,50.15,DEX,3,--
19:07:19 ET,50.15,12,DEX,50.06,4,DEX,50.15,DEX,4,--
19:07:19 ET,50.14,100,DEX,50.06,4,DEX,50.15,DEX,5,--
19:07:19 ET,50.14,44,DEX,50.06,4,DEX,50.15,DEX,5,--
19:07:06 ET,50.14,156,DEX,50.06,4,DEX,50.15,DEX,5,--
18:59:58 ET,50.07,50,Q,50.06,4,P,50.2,DEX,44,--
18:58:41 ET,50.06,100,DF,50.06,2,P,50.2,DEX,39,T
18:49:20 ET,50.12,44,DEX,50.05,1,DEX,50.2,DEX,41,--
18:48:34 ET,50.09,124,DEX,50.05,1,DEX,50.14,P,4,--
18:48:33 ET,50.14,156,DEX,50.09,1,DEX,50.14,P,4,--
18:48:18 ET,50.09,100,DEX,50.09,1,DEX,50.14,P,4,--
18:48:18 ET,50.14,156,DEX,50.09,2,DEX,50.14,P,6,--
18:47:56 ET,50.09,100,DEX,50.09,2,DEX,50.14,P,2,--
18:47:56 ET,50.14,156,P,50.09,3,DEX,50.15,DEX,2,T
18:47:40 ET,50.12,25,P,50.09,3,DEX,50.14,P,2,--
18:47:40 ET,50.1,200,DEX,50.09,3,DEX,50.14,P,2,--
18:46:25 ET,50.09,10,DEX,50.08,3,DEX,50.2,DEX,39,--
18:46:06 ET,50.09,38,DEX,50.08,3,DEX,50.2,DEX,39,--
18:46:06 ET,50.09,500,DEX,50.08,3,DEX,50.2,DEX,39,T
18:46:06 ET,50.1,262,DEX,50.08,3,DEX,50.2,DEX,39,T
18:46:06 ET,50.1,200,DEX,50.08,3,DEX,50.2,DEX,39,T
18:45:12 ET,50.15,60,DEX,50.08,3,DEX,50.2,DEX,39,--
18:45:06 ET,50.15,65,DEX,50.08,3,DEX,50.2,DEX,40,--
18:41:00 ET,50.19,28,DF,50.08,3,DEX,50.2,DEX,39,--
18:41:00 ET,50.2,2,DF,50.08,3,DEX,50.2,DEX,39,--
18:38:08 ET,50.19,20,DF,50.08,3,DEX,50.2,DEX,39,--
18:36:27 ET,50.15,148,DEX,50.05,1,DEX,50.2,DEX,39,T
18:36:24 ET,50.14,50,Q,50.05,1,DEX,50.15,DEX,1,--
18:36:05 ET,50.15,35,DEX,50.05,1,DEX,50.15,DEX,1,--
18:36:01 ET,50.15,17,DEX,50.05,1,DEX,50.15,DEX,1,--
18:36:01 ET,50.14,62,DEX,50.05,1,DEX,50.15,DEX,1,--
18:36:01 ET,50.14,119,DEX,50.05,1,DEX,50.15,DEX,1,--
18:34:58 ET,50.14,156,DEX,50.05,1,DEX,50.15,DEX,2,--
18:33:09 ET,50.06,100,DEX,50.05,1,DEX,50.15,DEX,2,--
18:33:09 ET,50.14,119,DEX,50.05,1,DEX,50.15,DEX,2,--
18:33:09 ET,50.14,37,DEX,50.05,1,DEX,50.15,DEX,2,--
18:32:51 ET,50.14,106,DEX,50.05,1,DEX,50.15,DEX,2,--
18:32:51 ET,50.1,50,DEX,50.05,1,DEX,50.15,DEX,2,--
18:31:52 ET,50.03,125,DEX,50.02,1,DEX,50.16,DEX,2,--
18:31:52 ET,50.16,124,DEX,50.02,1,DEX,50.16,DEX,2,--
18:31:52 ET,50.15,32,DEX,50.02,1,DEX,50.16,DEX,4,--
18:31:50 ET,50.15,156,DEX,50.02,1,DEX,50.16,DEX,4,--
18:31:49 ET,50.03,125,DEX,50.02,1,DEX,50.16,DEX,4,--
18:31:49 ET,50.04,1,DEX,50.02,1,DEX,50.16,DEX,4,--
18:31:48 ET,50.15,12,DEX,50.02,1,DEX,50.16,DEX,4,--
18:31:48 ET,50.15,144,DEX,50.02,1,DEX,50.16,DEX,4,--
18:31:46 ET,50.15,156,DEX,50.02,1,DEX,50.16,DEX,4,--
18:29:17 ET,50.08,461,DEX,50.06,1,DEX,50.2,DEX,41,--
18:29:17 ET,50.08,200,DEX,50.06,1,DEX,50.2,DEX,41,--
18:29:17 ET,50.08,200,DEX,50.06,1,DEX,50.2,DEX,41,--
18:29:17 ET,50.09,200,DEX,50.06,1,DEX,50.2,DEX,41,--
18:29:17 ET,50.09,36,DEX,50.06,1,DEX,50.2,DEX,41,--
18:29:17 ET,50.09,203,DEX,50.06,1,DEX,50.2,DEX,41,--
18:28:58 ET,50.08,100,DEX,50.08,2,DEX,50.2,DEX,41,--
18:28:58 ET,50.2,56,P,50.08,3,DEX,50.2,DEX,41,--
18:28:58 ET,50.19,36,DEX,50.08,3,DEX,50.2,DEX,41,--
18:28:58 ET,50.19,64,DEX,50.08,3,DEX,50.2,DEX,41,--
18:28:57 ET,50.09,100,DEX,50.08,3,DEX,50.2,DEX,41,--
18:28:56 ET,50.19,116,DEX,50.08,3,DEX,50.2,DEX,41,--
18:28:56 ET,50.19,40,DEX,50.08,3,DEX,50.2,DEX,41,--
18:22:34 ET,50.1,10,P,50.05,1,DEX,50.2,DEX,39,--
18:20:38 ET,50.15,60,P,50.05,5,DEX,50.2,DEX,38,--
18:20:31 ET,50.15,10,DF,50.05,5,DEX,50.2,DEX,38,--
18:20:19 ET,50.14,10,DEX,50.12,5,Q,50.2,DEX,38,--
18:20:19 ET,50.16,20,P,50.12,5,Q,50.2,DEX,38,--
18:18:12 ET,50.07,100,DEX,50.05,5,DEX,50.2,DEX,38,T
18:12:51 ET,50.19,20,DEX,50.12,6,DEX,50.2,DEX,38,--
18:12:18 ET,50.13,10,DEX,50.12,6,DEX,50.2,DEX,38,--
18:11:56 ET,50.13,10,DEX,50.12,6,DEX,50.2,DEX,38,--
18:11:56 ET,50.14,10,DEX,50.12,6,DEX,50.2,DEX,38,--
18:11:39 ET,50.14,10,DEX,50.12,6,DEX,50.2,DEX,38,--
18:10:48 ET,50.12,10,DF,50.12,6,DEX,50.2,DEX,38,--
18:10:13 ET,50.14,10,DEX,50.12,6,DEX,50.2,DEX,38,--
18:09:43 ET,50.2,149,DEX,50.12,6,DEX,50.2,DEX,38,--
18:09:33 ET,50.14,10,DEX,50.12,6,DEX,50.2,DEX,39,--
18:08:32 ET,50.14,10,DEX,50.12,6,DEX,50.2,DEX,39,--
18:07:12 ET,50.2,4,DEX,50.12,6,DEX,50.2,DEX,39,--
18:06:05 ET,50.16,10,Q,50.12,6,DEX,50.2,DEX,40,--
18:05:59 ET,50.14,50,DEX,50.12,6,DEX,50.2,DEX,40,--
18:03:12 ET,50.12,10,DF,50.12,6,DEX,50.2,DEX,40,--
18:01:00 ET,50.2,200,DEX,50.06,6,DEX,50.2,DEX,40,--
18:00:11 ET,50.2,600,DEX,50.06,6,DEX,50.2,DEX,42,--
18:00:11 ET,50.2,200,DEX,50.14,2,Q,50.2,DEX,48,--
18:00:11 ET,50.18,10,DEX,50.14,2,Q,50.2,DEX,50,--
18:00:11 ET,50.18,528,DEX,50.14,2,Q,50.18,DEX,5,--
18:00:11 ET,50.2,10,Q,50.14,2,Q,50.18,DEX,5,--
18:00:11 ET,50.17,25,P,50.14,2,Q,50.18,DEX,5,--
18:00:11 ET,50.15,4,P,50.14,2,Q,50.18,DEX,5,--
18:00:11 ET,50.18,400,DEX,50.14,2,Q,50.18,DEX,5,--
18:00:11 ET,50.15,200,DEX,50.14,2,Q,50.18,DEX,5,--
18:00:11 ET,50.17,35,Q,50.14,2,Q,50.18,DEX,9,--
18:00:11 ET,50.17,50,Q,50.14,2,Q,50.18,DEX,9,--
18:00:11 ET,50.13,75,DEX,50.14,2,Q,50.18,DEX,9,--
18:00:05 ET,50.08,100,DEX,50.06,4,DEX,50.18,DEX,10,--
17:52:48 ET,50.07,2,DEX,50.06,4,DEX,50.18,DEX,10,--
17:52:27 ET,50.16,2,DEX,50.06,4,DEX,50.18,DEX,10,--
17:45:54 ET,50.16,2,DEX,50.06,4,DEX,50.18,DEX,10,--
17:33:13 ET,50.17,13,DEX,50.06,4,DEX,50.17,DEX,1,--
17:32:17 ET,50.06,2,DF,50.06,4,DEX,50.17,DEX,1,--
17:30:18 ET,50.17,25,DF,50.05,4,DEX,50.17,DEX,1,--
17:30:15 ET,50.16,100,DF,50.05,4,DEX,50.17,DEX,1,T
17:29:29 ET,50.05,8,DF,50.05,4,DEX,50.16,P,1,--
17:28:38 ET,50.07,40,DEX,50.05,4,DEX,50.16,P,1,--
17:28:16 ET,50.16,440,DF,50.05,4,DEX,50.16,P,1,T
17:26:52 ET,50.15,65,P,50.05,4,DEX,50.16,P,1,--
17:26:52 ET,50.16,200,DEX,50.05,4,DEX,50.16,P,1,T
17:24:11 ET,50.1,946,DF,50,2,P,50.16,P,1,T
17:24:11 ET,50.1,354,DF,50,2,P,50.16,P,1,T
17:23:07 ET,50.1,100,Q,50,2,P,50.16,P,1,T
17:23:07 ET,50.12,117,P,50.1,1,Q,50.16,P,1,T
17:23:07 ET,50.15,10,Q,50.1,1,Q,50.16,P,1,--
17:17:01 ET,50.15,20,Q,50.1,1,Q,50.16,P,1,--
17:16:58 ET,50.16,1,DF,50.1,1,Q,50.16,P,1,--
17:15:52 ET,50.15,1,Q,50.1,1,Q,50.16,P,1,--
17:12:01 ET,50.15,50,Q,50.1,1,Q,50.17,DEX,1,--
17:10:22 ET,50.17,2,DF,50.1,1,Q,50.17,DEX,1,--
17:07:46 ET,50.12,10,P,50.1,1,Q,50.18,DEX,11,--
17:06:00 ET,50.17,4,DEX,50.1,1,Q,50.18,DEX,9,--
17:06:00 ET,50.16,1,DEX,50.1,1,Q,50.18,DEX,9,--
17:04:50 ET,50.18,72,DF,50.1,1,Q,50.18,DEX,9,--
17:04:50 ET,50.17,28,DF,50.1,1,Q,50.18,DEX,9,--
17:04:13 ET,50.12,29,P,50.1,1,Q,50.18,DEX,10,--
17:04:04 ET,50.12,25,DF,50.1,1,Q,50.18,DEX,10,--
17:02:03 ET,50.12,13,P,50.1,1,Q,50.18,DEX,10,--
17:02:03 ET,50.13,6,DEX,50.1,1,Q,50.18,DEX,10,--
17:02:03 ET,50.15,19,Q,50.1,1,Q,50.18,DEX,10,--
17:01:16 ET,50.12,12,P,50.1,1,Q,50.18,DEX,10,--
17:01:16 ET,50.15,12,Q,50.1,1,Q,50.18,DEX,10,--
16:59:59 ET,50.13,494,DEX,50.1,1,P,50.18,DEX,10,T
16:59:59 ET,50.12,6,DEX,50.1,1,P,50.13,DEX,5,--
16:59:58 ET,50.1,44,P,50.1,1,P,50.13,DEX,5,--
16:58:39 ET,50.1,14,P,50.1,2,P,50.18,DEX,10,--
16:56:47 ET,50.1636,100,DF,50.1,3,P,50.18,DEX,10,T
16:55:43 ET,50.1745,200,DF,50.1,5,P,50.18,DEX,10,T
16:54:43 ET,50.12,94,DEX,50.1,5,P,50.18,DEX,10,--
16:52:57 ET,50.12,6,Q,50.11,3,P,50.18,DEX,10,--
16:51:42 ET,50.17,20,DF,50.11,3,P,50.18,DEX,10,--
16:51:26 ET,50.15,300,DEX,50.11,3,P,50.18,DEX,10,T
16:51:12 ET,50.15,200,DEX,50.15,3,DEX,50.18,DEX,10,--
16:51:10 ET,50.15,500,DEX,50.15,5,DEX,50.18,DEX,10,T
16:51:00 ET,50.15,400,DEX,50.15,10,DEX,50.18,DEX,10,--
16:49:26 ET,50.1502,56,DF,50.15,14,DEX,50.18,DEX,10,--
16:47:10 ET,50.17,400,DEX,50.15,14,DEX,50.18,DEX,10,--
16:47:02 ET,50.17,72,DEX,50.15,14,DEX,50.17,DEX,4,--
16:46:58 ET,50.16,330,DEX,50.15,14,DEX,50.17,DEX,5,T
16:46:54 ET,50.15,100,DEX,50.15,14,DEX,50.16,DEX,3,T
16:46:11 ET,50.16,1170,DEX,50.15,15,DEX,50.17,DEX,5,--
16:45:50 ET,50.16,100,DEX,50.16,11,DEX,50.17,DEX,5,--
16:43:30 ET,50.16,200,DEX,50.16,12,DEX,50.2,DEX,55,--
16:42:59 ET,50.19,100,P,50.19,2,P,50.2,DEX,55,T
16:42:59 ET,50.19,300,P,50.19,2,P,50.2,DEX,55,T
16:42:03 ET,50.16,6,DF,50.16,14,DEX,50.2,DEX,5,--
16:41:44 ET,50.16,10,DF,50.16,14,DEX,50.2,DEX,5,--
16:40:43 ET,50.16,100,DF,50.16,14,DEX,50.2,DEX,5,T
16:40:43 ET,50.16,300,DF,50.16,14,DEX,50.2,DEX,5,T
16:40:40 ET,50.16,10,DF,50.16,14,DEX,50.2,DEX,5,--
16:40:39 ET,50.16,100,DF,50.16,14,DEX,50.2,DEX,5,T
16:40:26 ET,50.1602,7,DF,50.16,14,DEX,50.2,DEX,5,--
16:40:09 ET,50.1602,300,DF,50.16,14,DEX,50.2,DEX,5,T
16:40:03 ET,50.16,10,P,50.12,15,DEX,50.2,DEX,5,--
16:40:03 ET,50.15,20,DEX,50.12,15,DEX,50.2,DEX,5,--
16:37:21 ET,50,17,DF,50,7,P,50.16,Z,2,--
16:37:16 ET,50.06,200,P,50.05,3,P,50.16,Z,2,--
16:37:06 ET,50.04,100,P,50.01,1,Q,50.2,DEX,5,--
16:37:06 ET,50,10,DEX,49.98,2,Q,50.04,P,1,--
16:37:06 ET,50,200,DEX,49.98,2,Q,50.04,P,1,--
16:37:06 ET,50,20,DEX,49.98,2,Q,50,DEX,2,--
16:37:06 ET,50,23,P,49.99,32,P,50,DEX,2,--
16:37:06 ET,50,300,P,49.99,32,P,50,DEX,2,T
16:37:06 ET,50,300,P,49.99,32,P,50,DEX,2,T
16:37:06 ET,50,200,P,49.99,32,P,50,DEX,2,T
16:37:06 ET,50,100,P,49.99,41,P,50,DEX,2,--
16:37:06 ET,49.96,100,DEX,49.94,4,P,50,DEX,2,--
16:34:56 ET,49.97,20,DEX,49.9,4,P,50,DEX,2,--
16:34:13 ET,49.9,80,DEX,49.9,4,P,50,DEX,2,--
16:34:13 ET,49.91,100,Q,49.9,4,P,50,DEX,2,--
16:32:38 ET,49.9,725,P,49.87,1,Q,50,DEX,2,T
16:32:37 ET,49.9,75,P,49.84,17,DEX,49.9,P,7,--
16:32:37 ET,49.9,200,P,49.84,17,DEX,49.9,P,8,--
16:32:18 ET,49.85,100,Q,49.8,4,P,49.9,P,10,T
16:32:14 ET,49.87,200,P,49.8,4,P,49.9,P,10,--
16:32:14 ET,49.85,100,DEX,49.8,4,P,49.9,P,10,T
16:31:47 ET,49.85,525,DEX,49.77,15,DEX,49.9,P,14,T
16:31:47 ET,49.85,675,DEX,49.85,5,DEX,49.9,P,14,--
16:31:47 ET,49.85,300,DEX,49.85,12,DEX,49.9,P,14,T
16:31:17 ET,49.8,200,P,49.77,15,DEX,49.85,Q,1,--
16:31:17 ET,49.8,200,Q,49.8,2,P,49.9,P,12,--
16:31:09 ET,49.8,300,Q,49.77,15,DEX,49.8,Q,2,T
16:29:44 ET,49.85,76,P,49.77,15,DEX,49.9,P,10,--
16:29:44 ET,49.85,224,P,49.77,15,DEX,49.9,P,10,--
16:29:44 ET,49.84,300,P,49.77,15,DEX,49.9,P,10,--
16:29:44 ET,49.84,300,P,49.77,15,DEX,49.9,P,10,--
16:29:44 ET,49.84,300,P,49.77,15,DEX,49.9,P,10,--
16:29:44 ET,49.84,300,P,49.77,15,DEX,49.9,P,10,--
16:29:01 ET,49.85,100,P,49.74,10,DEX,49.9,P,10,--
16:29:01 ET,49.85,100,P,49.74,10,DEX,49.9,P,10,--
16:29:01 ET,49.85,100,P,49.74,10,DEX,49.9,P,10,--
16:29:01 ET,49.85,100,P,49.74,10,DEX,49.9,P,10,--
16:29:01 ET,49.85,100,P,49.74,12,DEX,49.9,P,10,--
16:29:01 ET,49.85,100,P,49.74,12,DEX,49.9,P,10,--
16:29:01 ET,49.85,100,P,49.74,12,DEX,49.9,P,10,--
16:29:01 ET,49.85,100,P,49.74,12,DEX,49.9,P,10,--
16:28:59 ET,49.76,100,DEX,49.74,12,DEX,49.9,P,10,T
16:28:57 ET,49.85,100,P,49.74,12,DEX,49.9,P,10,--
16:28:57 ET,49.85,100,P,49.74,12,DEX,49.9,P,10,--
16:28:57 ET,49.85,100,P,49.74,12,DEX,49.9,P,10,--
16:28:57 ET,49.85,100,P,49.74,12,DEX,49.9,P,10,--
16:28:57 ET,49.85,100,P,49.74,12,DEX,49.9,P,10,--
16:28:33 ET,49.75,100,DF,49.74,12,DEX,49.89,DEX,3,T
16:27:50 ET,49.9,100,DF,49.74,12,DEX,49.9,P,10,T
16:26:48 ET,49.9,10,DF,49.71,6,DEX,49.9,P,10,--
16:26:24 ET,49.72,24,DEX,49.71,6,DEX,49.9,P,10,--
16:26:24 ET,49.71,300,P,49.71,6,DEX,49.9,P,10,T
16:26:24 ET,49.72,300,Q,49.71,6,DEX,49.9,P,10,--
16:26:24 ET,49.72,300,P,49.71,6,DEX,49.85,DEX,1,T
16:26:24 ET,49.73,600,DEX,49.71,6,DEX,49.85,DEX,1,T
16:26:24 ET,49.71,600,DEA,49.71,6,DEX,49.85,DEX,1,T
16:26:24 ET,49.71,600,DEA,49.71,6,DEX,49.85,DEX,1,T
16:26:24 ET,49.8,200,P,49.71,12,DEA,49.9,P,10,T
16:25:14 ET,49.8,180,DEX,49.8,2,Z,49.9,P,10,T
16:25:14 ET,49.81,100,Q,49.8,2,Z,49.9,P,10,T
16:24:34 ET,49.9,1,DF,49.8,1,Q,49.9,P,10,--
16:23:58 ET,49.7,294,Q,49.68,2,P,49.9,P,10,T
16:23:57 ET,49.7,75,Q,49.68,2,P,49.9,P,10,--
16:23:57 ET,49.7,75,Q,49.68,2,P,49.7,Q,1,--
16:23:57 ET,49.7,75,Q,49.68,2,P,49.7,Q,1,--
16:23:57 ET,49.7,75,Q,49.68,2,P,49.7,Q,2,--
16:23:57 ET,49.7,75,Q,49.68,2,P,49.7,Q,3,--
16:23:57 ET,49.7,75,Q,49.6,8,DEX,49.7,Q,3,--
16:23:57 ET,49.7,75,Q,49.6,8,DEX,49.7,Q,4,--
16:23:57 ET,49.7,75,Q,49.6,8,DEX,49.7,Q,5,--
16:23:52 ET,49.62,100,DF,49.6,8,DEX,49.9,P,10,T
16:23:45 ET,49.7,1,DF,49.6,8,DEX,49.9,P,10,--
16:22:53 ET,49.61,100,DF,49.6,8,DEX,49.9,P,10,T
16:22:43 ET,49.7,30,P,49.6,8,DEX,49.9,P,10,--
16:22:31 ET,49.78,3,DF,49.6,8,DEX,49.9,P,10,--
16:22:23 ET,49.9,116,DF,49.6,8,DEX,49.9,P,10,T
16:21:07 ET,49.76,10,DF,49.6,6,DEX,49.9,P,10,--
16:20:56 ET,49.87,102,P,49.6,6,DEX,49.9,P,10,--
16:20:56 ET,49.86,398,P,49.6,6,DEX,49.9,P,10,--
16:20:51 ET,49.7,32,DEX,49.6,6,DEX,49.9,P,10,--
16:20:46 ET,49.85,100,P,49.6,6,DEX,49.9,P,10,--
16:20:34 ET,49.74,10,DF,49.6,6,DEX,49.9,P,10,--
16:20:02 ET,49.72,10,DF,49.6,6,DEX,49.9,P,10,--
16:19:53 ET,49.85,100,P,49.6,6,DEX,49.9,P,10,--
16:19:09 ET,49.86,100,P,49.6,6,DEX,49.9,P,10,--
16:18:04 ET,49.6,5,DF,49.58,7,Q,49.9,P,10,--
16:17:42 ET,49.65,50,DF,49.58,7,Q,49.85,DEX,2,--
16:17:10 ET,49.6,12,DF,49.58,7,Q,49.85,DEX,2,--
16:16:42 ET,49.65,100,DF,49.58,6,DEA,49.85,DEX,2,T
16:16:36 ET,49.81,2,DEX,49.58,6,DEA,49.85,DEX,2,--
16:16:32 ET,49.6,25,DF,49.58,6,DEA,49.85,DEX,2,--
16:16:19 ET,49.59,400,DF,49.58,6,DEA,49.85,DEX,2,T
16:16:12 ET,49.65,5,DF,49.58,2,DEX,49.85,DEX,2,--
16:15:02 ET,49.57,300,DF,49.54,6,DEA,49.85,DEX,2,T
16:15:00 ET,49.55,200,DEX,49.54,2,P,49.74,Q,1,T
16:15:00 ET,49.55,19,Q,49.54,2,P,49.74,Q,1,--
16:15:00 ET,49.55,6,Q,49.55,2,DEX,49.74,Q,1,--
16:15:00 ET,49.55,50,Q,49.55,2,DEX,49.74,Q,1,--
16:15:00 ET,49.56,1,Q,49.55,2,DEX,49.85,DEX,2,--
16:14:59 ET,49.72,200,BYX,49.7,1,B,49.78,Q,4,--
16:14:59 ET,49.72,100,DEA,49.7,1,Q,49.72,BYX,2,--
16:14:59 ET,49.72,25,PH,49.71,1,DEX,49.72,BYX,2,--
16:14:59 ET,49.72,75,PH,49.71,1,DEX,49.72,BYX,2,--
16:14:59 ET,49.72,200,B,49.71,1,DEX,49.72,B,2,--
16:14:59 ET,49.72,15,DEX,49.66,2,Q,49.72,BYX,2,--
16:14:59 ET,49.72,185,DEX,49.66,2,Q,49.72,BYX,2,--
16:14:59 ET,49.71,100,DEX,49.66,2,Q,49.72,BYX,2,--
16:14:59 ET,49.72,100,Z,49.66,1,P,49.72,BYX,2,--
16:14:59 ET,49.71,100,Z,49.66,1,P,49.72,BYX,2,--
16:14:59 ET,49.72,100,Q,49.66,1,P,49.72,DEX,3,--
16:14:59 ET,49.72,100,PH,49.66,1,P,49.72,DEX,3,T
16:14:59 ET,49.72,85,Q,49.66,1,P,49.72,DEX,3,--
16:14:59 ET,49.72,200,Q,49.66,1,P,49.72,DEX,3,--
16:14:57 ET,49.6,100,NATL,49.55,2,DEX,49.6,A,2,--
16:14:57 ET,49.6,100,NATL,49.55,2,DEX,49.6,A,2,--
16:14:51 ET,49.63,20,A,49.55,1,Q,49.63,DEX,2,--
16:14:51 ET,49.57,92,Q,49.55,1,Q,49.63,A,2,--
16:14:51 ET,49.57,8,Q,49.55,1,Q,49.63,A,2,--
16:14:51 ET,49.58,5,Q,49.55,1,Q,49.63,NATL,1,--
16:14:51 ET,49.58,200,DEX,49.55,1,Q,49.63,NATL,1,--
16:14:51 ET,49.58,95,Q,49.58,2,DEX,49.63,NATL,1,--
16:14:51 ET,49.58,5,Q,49.58,2,DEX,49.63,NATL,1,--
16:14:51 ET,49.58,300,DEX,49.58,5,DEX,49.63,NATL,1,--
16:14:51 ET,49.59,315,DEX,49.58,5,DEX,49.63,NATL,1,--
16:14:50 ET,49.59,10,DEX,49.59,3,DEX,49.63,DEX,3,--
16:14:50 ET,49.59,75,DEX,49.59,4,DEX,49.64,B,4,--
16:14:50 ET,49.6,1,DEX,49.6,51,DEX,49.64,B,4,--
16:14:50 ET,49.6,61,DEX,49.6,51,DEX,49.64,B,4,--
16:14:50 ET,49.6,4800,DEX,49.6,51,DEX,49.64,B,4,--
16:14:50 ET,49.6,300,DEX,49.6,51,DEX,49.64,B,4,--
16:14:50 ET,49.6,50,P,49.6,51,DEX,49.64,B,4,--
16:14:50 ET,49.6,1700,Q,49.6,52,DEX,49.67,B,4,--
16:14:50 ET,49.6,350,Q,49.6,52,DEX,49.67,B,4,--
16:14:50 ET,49.6,75,Q,49.6,52,DEX,49.67,Q,4,--
16:14:50 ET,49.6,75,Q,49.6,52,DEX,49.67,Q,4,--
16:14:47 ET,49.62,4000,P,49.62,40,P,49.65,PH,2,--
16:14:45 ET,49.67,100,BYX,49.62,40,P,49.67,Q,4,--
16:14:45 ET,49.66,100,BYX,49.62,40,P,49.67,Q,4,--
16:14:45 ET,49.67,100,B,49.62,40,P,49.67,Q,4,--
16:14:45 ET,49.67,100,B,49.62,40,P,49.67,Q,4,--
16:14:44 ET,49.63,200,DF,49.62,40,P,49.67,Q,4,T
16:14:44 ET,49.62,1100,P,49.62,40,P,49.67,Q,4,--
16:14:37 ET,49.62,500,P,49.62,51,P,49.65,A,2,--
16:14:37 ET,49.62,400,P,49.62,56,P,49.65,A,2,--
16:14:35 ET,49.63,500,Q,49.62,60,P,49.63,B,2,--
16:14:35 ET,49.63,50,P,49.63,5,Q,49.63,B,1,--
16:14:35 ET,49.63,75,B,49.63,5,Q,49.66,DEX,2,--
16:14:34 ET,49.68,20,P,49.65,2,Q,49.72,Z,2,--
16:14:29 ET,49.67,100,P,49.67,1,P,49.72,B,3,--
16:14:29 ET,49.67,100,Z,49.67,1,P,49.72,B,2,--
16:14:29 ET,49.68,100,Z,49.68,1,Z,49.72,B,2,--
16:14:29 ET,49.7,20,Q,49.68,1,Z,49.75,Z,3,--
16:14:27 ET,49.7,1,DF,49.68,1,Z,49.75,Z,3,--
16:14:10 ET,49.74,100,DF,49.66,1,Z,49.74,Z,3,T
16:14:03 ET,49.74,100,B,49.66,1,PH,49.74,Z,3,--
16:14:03 ET,49.74,200,B,49.66,1,PH,49.74,Z,3,--
16:14:03 ET,49.74,200,BYX,49.66,1,PH,49.74,Z,3,--
16:14:03 ET,49.73,100,BYX,49.66,1,PH,49.74,Z,3,--
16:14:03 ET,49.73,100,DEA,49.66,1,PH,49.74,Z,3,--
16:14:01 ET,49.66,1,DEX,49.66,1,B,49.74,Z,3,--
16:13:59 ET,49.77,100,DEA,49.68,2,Q,49.77,DEX,6,--
16:13:59 ET,49.77,500,DEA,49.68,2,Q,49.77,DEX,6,--
16:13:59 ET,49.77,300,BYX,49.68,2,Q,49.77,DEX,6,--
16:13:59 ET,49.75,100,DEX,49.75,1,DEX,49.77,Q,2,--
16:13:59 ET,49.75,100,Q,49.75,1,DEX,49.79,B,1,--
16:13:59 ET,49.75,20,DF,49.75,1,Q,49.79,B,1,--
16:13:58 ET,49.79,5,DF,49.75,1,Q,49.79,B,1,--
16:13:58 ET,49.79,100,NATL,49.75,1,Q,49.79,B,2,--
16:13:58 ET,49.79,100,NATL,49.75,1,Q,49.79,B,2,--
16:13:45 ET,49.8,10,P,49.75,2,Q,49.8,NATL,1,--
16:13:11 ET,49.8,1,DF,49.78,1,Z,49.85,P,7,--
16:12:50 ET,49.84,100,NATL,49.69,1,B,49.84,P,2,--
16:12:50 ET,49.81,100,Z,49.73,2,B,49.8,NATL,2,--
16:12:50 ET,49.82,82,Q,49.73,1,B,49.8,NATL,2,--
16:12:50 ET,49.82,100,Q,49.73,1,B,49.8,NATL,2,--
16:12:49 ET,49.65,100,DF,49.64,6,Z,49.77,B,2,T
16:11:50 ET,49.61,100,DEA,49.6,58,DEX,49.68,Q,4,--
16:11:50 ET,49.6,100,BYX,49.6,58,DEX,49.68,Q,4,--
16:11:50 ET,49.61,100,BYX,49.6,58,DEX,49.68,Q,4,--
16:11:50 ET,49.66,100,P,49.6,56,DEX,49.68,Q,2,--
16:11:50 ET,49.65,110,DEX,49.66,1,P,49.68,B,1,--
16:11:36 ET,49.66,100,DF,49.6,24,Q,49.66,P,8,T
16:11:24 ET,49.66,30,DEA,49.6,22,Q,49.66,P,8,--
16:11:15 ET,49.61,1,Q,49.66,2,P,49.69,Q,1,--
16:11:15 ET,49.66,150,DEX,49.66,2,NATL,49.69,Q,1,--
16:11:15 ET,49.67,50,P,49.66,2,P,49.69,Q,1,--
16:11:15 ET,49.67,49,Q,49.67,2,DEX,49.71,PH,1,--
16:11:15 ET,49.67,200,DEX,49.67,2,DEX,49.71,PH,1,--
16:11:15 ET,49.68,100,DEA,49.67,2,DEX,49.71,PH,1,--
16:11:15 ET,49.68,100,BYX,49.67,2,DEX,49.71,PH,1,--
16:11:15 ET,49.68,100,DEX,49.67,2,DEX,49.71,PH,1,--
16:11:03 ET,49.71,100,BYX,49.6,27,Q,49.71,NATL,2,--
16:11:03 ET,49.71,100,B,49.6,26,Q,49.71,PH,2,--
16:11:03 ET,49.71,100,B,49.6,26,Q,49.71,PH,2,--
16:11:03 ET,49.71,100,DEA,49.6,26,Q,49.71,B,2,--
16:11:03 ET,49.71,100,DEA,49.6,26,Q,49.71,B,2,--
16:11:03 ET,49.71,100,B,49.6,26,Q,49.71,A,2,--
16:11:03 ET,49.71,100,DEA,49.6,26,Q,49.71,A,2,--
16:11:03 ET,49.71,100,DEA,49.6,26,Q,49.71,A,2,--
16:11:03 ET,49.68,75,Q,49.6,24,Q,49.68,P,4,--
16:11:03 ET,49.68,50,PH,49.6,24,Q,49.68,P,5,--
16:11:03 ET,49.68,100,PH,49.6,24,Q,49.68,P,5,--
16:11:03 ET,49.68,100,B,49.6,24,Q,49.68,P,5,--
16:11:03 ET,49.68,100,DEA,49.6,24,Q,49.68,P,5,--
16:11:03 ET,49.68,100,DEA,49.6,24,Q,49.68,P,5,--
16:11:03 ET,49.68,50,P,49.6,24,Q,49.68,A,1,--
16:11:03 ET,49.67,75,BYX,49.66,2,BYX,49.7,Q,1,--
16:11:03 ET,49.67,75,DEA,49.66,2,BYX,49.7,Q,1,--
16:11:03 ET,49.67,25,DEA,49.66,2,BYX,49.71,B,2,--
16:11:03 ET,49.66,200,B,49.66,2,P,49.72,P,3,--
16:11:03 ET,49.67,49,Q,49.66,2,B,49.72,P,3,--
16:11:01 ET,49.71,200,DEX,49.65,3,Q,49.72,P,3,--
16:10:58 ET,49.67,100,PH,49.6,26,Q,49.69,BYX,1,T
16:10:58 ET,49.67,50,Q,49.6,26,Q,49.69,BYX,1,--
16:10:58 ET,49.67,50,Q,49.66,2,P,49.67,PH,1,--
16:10:53 ET,49.72,100,DEA,49.6,24,Q,49.72,PH,6,--
16:10:53 ET,49.72,100,DEA,49.6,24,Q,49.72,PH,6,--
16:10:53 ET,49.66,10,Q,49.64,1,Q,49.76,P,3,--
16:10:53 ET,49.66,10,Q,49.64,1,Q,49.76,P,3,--
16:10:53 ET,49.66,20,Q,49.64,1,Q,49.76,P,3,--
16:10:53 ET,49.68,10,Z,49.63,1,Q,49.68,P,2,--
16:10:53 ET,49.68,10,DEX,49.6,28,Q,49.68,P,2,--
16:10:53 ET,49.68,10,DEA,49.6,28,Q,49.68,P,2,--
16:10:53 ET,49.68,10,BYX,49.64,1,Q,49.68,P,2,--
16:10:53 ET,49.72,107,Q,49.6,28,Q,49.68,P,2,--
16:10:53 ET,49.63,100,Q,49.6,22,Q,49.7,P,4,--
16:10:53 ET,49.66,30,Q,49.63,3,Q,49.7,P,4,--
16:10:53 ET,49.69,100,DEX,49.65,1,Q,49.68,P,2,--
16:10:53 ET,49.7,100,Q,49.63,3,Q,49.68,P,2,--
16:10:53 ET,49.69,100,DEA,49.63,3,Q,49.68,P,4,--
16:10:53 ET,49.68,100,B,49.63,3,Q,49.68,P,4,--
16:10:53 ET,49.68,75,B,49.63,1,Q,49.68,P,5,--
16:10:50 ET,49.7,100,DEA,49.63,1,Q,49.7,P,5,--
16:10:50 ET,49.7,100,BYX,49.63,1,Q,49.7,P,5,--
16:10:50 ET,49.7,100,DEA,49.63,1,Q,49.7,P,5,--
16:10:50 ET,49.68,200,Q,49.63,1,Q,49.7,DEX,4,--
16:10:50 ET,49.68,200,P,49.65,1,Q,49.68,Q,2,--
16:10:50 ET,49.68,200,P,49.65,1,Q,49.68,Q,2,--
16:10:50 ET,49.68,200,DEX,49.63,3,Q,49.68,P,4,--
16:10:50 ET,49.68,200,Z,49.63,3,Q,49.68,P,4,T
16:10:50 ET,49.68,100,DEX,49.63,3,Q,49.68,P,4,--
16:10:50 ET,49.68,100,PH,49.63,3,Q,49.68,P,4,--
16:10:50 ET,49.85,10,DF,49.63,3,Q,49.68,P,4,--
16:10:50 ET,49.68,200,Q,49.63,3,Q,49.68,P,4,--
16:10:50 ET,49.68,100,DEA,49.63,3,Q,49.68,P,5,--
16:10:50 ET,49.68,10,DEA,49.63,3,Q,49.68,P,5,--
16:10:50 ET,49.68,90,DEX,49.63,3,Q,49.68,P,5,--
16:10:50 ET,49.68,10,DEX,49.63,3,Q,49.68,P,5,--
16:10:50 ET,49.68,75,Q,49.63,3,Q,49.68,P,5,--
16:10:50 ET,49.68,10,DEA,49.63,3,Q,49.68,P,5,--
16:10:50 ET,49.68,100,PH,49.63,3,Q,49.68,P,5,--
16:10:50 ET,49.68,125,Q,49.63,3,Q,49.68,P,5,--
16:10:50 ET,49.68,10,BYX,49.63,3,Q,49.68,P,5,--
16:10:50 ET,49.63,100,DEX,49.63,3,Q,49.68,Q,2,--
16:10:50 ET,49.63,100,DEA,49.63,3,Q,49.68,Q,2,--
16:10:50 ET,49.64,100,DEX,49.63,3,Q,49.68,Q,2,--
16:10:50 ET,49.64,100,Z,49.63,3,Q,49.68,Q,2,--
16:10:50 ET,49.63,200,BYX,49.63,3,Q,49.68,Q,2,--
16:10:50 ET,49.65,5,Q,49.63,3,Q,49.7,Q,3,--
16:10:50 ET,49.63,100,B,49.63,3,Q,49.7,Q,3,--
16:10:50 ET,49.71,85,DEX,49.71,2,DEX,49.73,PH,1,--
16:10:50 ET,49.71,75,DEX,49.71,2,DEX,49.74,PH,1,--
16:10:50 ET,49.71,75,DEX,49.71,2,DEX,49.72,P,1,--
16:10:50 ET,49.71,265,DEX,49.71,5,DEX,49.76,PH,1,--
16:10:50 ET,49.75,35,P,49.71,5,DEX,49.81,Q,3,--
16:10:50 ET,49.8,1500,P,49.8,17,P,49.82,DEA,2,--
16:10:50 ET,49.81,200,DEX,49.81,3,DEX,49.85,Q,1,T
16:10:50 ET,49.81,50,DEX,49.81,7,DEX,49.85,Q,1,--
16:10:50 ET,49.81,100,Z,49.81,7,DEX,49.85,Q,1,T
16:10:50 ET,49.81,100,DEX,49.81,7,DEX,49.85,Q,1,T
16:10:50 ET,49.81,100,DEA,49.81,7,DEX,49.85,Q,1,T
16:10:50 ET,49.81,100,Z,49.81,7,DEX,49.86,Q,1,--
16:10:50 ET,49.82,100,DEA,49.81,7,DEX,49.86,Q,1,T
16:10:50 ET,49.82,100,Z,49.81,7,DEX,49.86,Q,1,--
16:10:50 ET,49.81,200,BYX,49.81,7,DEX,49.86,Q,1,T
16:10:50 ET,49.81,400,DEX,49.81,7,DEX,49.86,Q,1,T
16:10:50 ET,49.82,100,BYX,49.81,7,DEX,49.86,Q,1,T
16:10:50 ET,49.82,100,DEX,49.81,7,DEX,49.86,Q,1,T
16:10:50 ET,49.7,20,Q,49.81,7,DEX,49.89,B,2,--
16:10:50 ET,49.7,100,Q,49.81,7,DEX,49.89,B,2,T
16:10:50 ET,49.74,390,Q,49.81,7,DEX,49.89,B,2,T
16:10:50 ET,49.75,1000,Q,49.81,7,DEX,49.89,B,2,T
16:10:50 ET,49.75,1000,Q,49.81,7,DEX,49.89,B,2,T
16:10:50 ET,49.75,151,Q,49.81,7,DEX,49.89,Z,1,T
16:10:50 ET,49.81,100,PH,49.81,7,DEX,49.89,Z,1,T
16:10:50 ET,49.75,100,Q,49.81,7,DEX,49.89,Z,1,T
16:10:50 ET,49.8,200,Q,49.81,7,DEX,49.89,Z,1,T
16:10:50 ET,49.81,200,Q,49.81,7,DEX,49.89,Z,1,T
16:10:50 ET,49.81,200,B,49.81,7,DEX,49.89,Z,1,T
16:09:23 ET,49.9399,40,DF,49.87,2,Q,49.94,Q,2,--
16:09:21 ET,49.94,100,P,49.87,3,Q,49.94,Z,3,--
16:09:21 ET,49.94,100,NATL,49.87,3,Q,49.94,Z,3,--
16:09:21 ET,49.94,100,Q,49.86,4,Z,49.94,P,5,--
16:09:21 ET,49.94,100,B,49.86,4,Z,49.94,P,5,--
16:09:21 ET,49.94,50,BYX,49.86,4,Z,49.94,P,5,--
16:09:21 ET,49.94,100,DEA,49.86,4,Z,49.94,P,5,--
16:09:21 ET,49.94,100,B,49.86,4,Z,49.94,P,5,--
16:09:21 ET,49.94,100,DEA,49.86,4,Z,49.94,P,5,--
16:09:21 ET,49.94,100,BYX,49.86,4,Z,49.94,P,5,--
16:09:21 ET,49.94,100,B,49.86,4,Z,49.94,P,5,--
16:09:21 ET,49.94,50,BYX,49.89,1,Q,49.94,P,5,--
16:09:21 ET,49.94,100,DEA,49.89,1,Q,49.94,P,5,--
16:09:21 ET,49.94,100,PH,49.89,1,Q,49.94,P,5,--
16:09:21 ET,49.93,100,Q,49.86,4,DEX,49.94,P,5,--
16:09:21 ET,49.93,100,PH,49.86,4,DEX,49.93,Q,1,--
16:09:21 ET,49.92,100,DEX,49.81,7,DEX,49.93,Q,1,--
16:09:20 ET,49.9,2,DEX,49.81,7,DEX,49.92,Q,1,--
16:09:20 ET,49.9,1,Q,49.81,7,DEX,49.93,DEA,1,--
16:09:20 ET,49.94,100,B,49.81,7,DEX,49.94,P,6,--
16:09:20 ET,49.94,100,DEA,49.81,7,DEX,49.94,P,6,--
16:09:20 ET,49.94,25,B,49.81,7,DEX,49.94,P,5,--
16:09:20 ET,49.94,75,B,49.81,7,DEX,49.94,P,5,--
16:09:20 ET,49.94,100,BYX,49.81,7,DEX,49.94,P,5,--
16:09:20 ET,49.91,500,DEX,49.81,5,DEX,49.97,NATL,2,--
16:09:20 ET,49.95,1335,DEX,49.81,5,DEX,49.97,NATL,2,--
16:09:20 ET,49.95,60,P,49.95,13,DEX,49.96,P,4,--
16:09:20 ET,49.95,38,P,49.95,13,DEX,49.96,P,4,--
16:09:20 ET,49.95,10,P,49.95,13,DEX,49.96,P,4,--
16:09:20 ET,49.95,800,DEX,49.95,13,DEX,50.01,PH,3,--
16:09:20 ET,50.04,100,Q,49.95,21,DEX,50.02,A,1,--
16:09:20 ET,50.03,100,Q,49.95,21,DEX,50.02,A,1,--
16:09:20 ET,49.95,90,P,49.95,21,DEX,50.02,A,1,--
16:09:20 ET,49.96,110,P,49.96,1,P,50.02,A,1,--
16:09:20 ET,49.96,30,P,49.96,1,P,50.02,A,1,--
16:09:20 ET,49.98,49,P,49.96,1,P,50.02,A,1,--
16:09:20 ET,49.97,500,DEX,49.97,5,DEX,50.04,B,1,--
16:09:20 ET,50,1,DEX,49.97,5,DEX,50.04,B,1,--
16:09:20 ET,50,105,DEX,50,4,DEX,50.04,B,1,--
16:09:20 ET,50,300,DEX,50,4,DEX,50.04,B,1,--
16:09:20 ET,50.01,100,DEX,50.06,2,NATL,50.07,PH,2,--
16:09:20 ET,50.02,50,Q,50.06,2,NATL,50.09,PH,2,--
16:09:20 ET,50.06,200,P,50.06,2,NATL,50.1,Q,2,--
16:09:20 ET,50.06,100,DEX,50.06,2,NATL,50.1,Q,1,--
16:09:20 ET,50.06,23,DEA,50.06,2,NATL,50.1,Q,1,--
16:09:20 ET,50.06,100,DEX,50.06,3,P,50.11,Q,3,--
16:09:20 ET,50.07,100,DEX,50.06,3,P,50.11,Q,3,--
16:09:20 ET,50.06,100,Z,50.06,3,P,50.11,Q,3,--
16:09:20 ET,50.07,2,DEX,50.06,3,P,50.11,Q,3,--
16:09:20 ET,50.06,100,BYX,50.06,3,P,50.11,Q,3,--
16:09:20 ET,50.06,200,B,50.06,3,P,50.11,Q,2,--
16:09:20 ET,50.07,100,BYX,50.06,3,P,50.11,Q,2,--
16:09:20 ET,50.06,100,Z,50.06,3,P,50.11,Q,1,--
16:09:20 ET,50.07,100,Z,50.06,3,P,50.11,Q,1,--
16:09:20 ET,50.07,100,DEA,50.06,3,P,50.11,Q,1,--
16:09:20 ET,50.06,200,Q,50.06,3,P,50.14,PH,1,--
16:09:20 ET,50.06,200,Q,50.06,3,P,50.14,PH,1,--
16:09:18 ET,50.09,200,DEX,50.09,2,DEX,50.14,B,7,--
16:09:18 ET,50.09,200,Z,50.09,2,DEX,50.14,Q,2,--
16:09:18 ET,50.09,200,Q,50.09,3,DEX,50.17,DEX,1,--
16:06:51 ET,50.1,50,Q,50.06,5,Q,50.15,Z,1,--
16:06:44 ET,50.1,200,Q,50.06,3,P,50.15,DEX,1,T
16:06:40 ET,50.05,14,DF,50.05,1,P,50.1,Q,2,--
16:06:21 ET,50.1,75,Q,50.05,3,Q,50.1,Q,2,--
16:06:21 ET,50.1,75,Q,50.05,3,Q,50.1,Q,2,--
16:05:09 ET,50.01,58,NATL,50.01,2,DEX,50.1,Q,5,--
16:02:42 ET,50.01,100,Z,50.01,3,Q,50.14,Q,5,--
16:02:42 ET,50.02,100,Z,50.01,3,Q,50.14,Q,5,--
16:02:42 ET,50.01,200,BYX,50.01,3,Q,50.14,Q,5,--
16:02:42 ET,50.02,100,BYX,50.01,3,Q,50.14,Q,5,--
16:02:42 ET,50.01,100,DEA,50.01,3,Q,50.14,Q,5,--
16:02:42 ET,50.02,100,DEA,50.01,3,Q,50.14,Q,5,--
16:02:42 ET,50.01,100,B,50.01,3,Q,50.14,Q,5,--
16:02:42 ET,50.01,200,B,50.01,3,Q,50.14,Q,5,--
16:01:39 ET,49.95,100,B,49.95,24,DEX,50.08,A,2,--
16:01:39 ET,49.95,200,B,49.95,24,DEX,50.08,A,2,--
16:01:35 ET,49.9501,200,DF,49.95,24,DEX,50.08,Q,4,T
16:01:20 ET,50.0699,30,DF,49.95,24,DEX,50.07,A,1,--
16:01:16 ET,49.95,2,DF,49.95,23,DEX,50.07,A,2,--
16:00:54 ET,50.03,200,DEX,50.03,1,A,50.12,DEX,6,--
16:00:54 ET,50.04,100,DEX,50.03,1,A,50.12,DEX,6,--
16:00:54 ET,50.03,100,DEA,50.03,3,DEX,50.12,DEX,6,--
16:00:54 ET,50.04,100,DEA,50.03,3,DEX,50.12,DEX,6,--
16:00:54 ET,50.03,200,BYX,50.03,3,DEX,50.12,DEX,6,--
16:00:54 ET,50.04,100,BYX,50.03,3,DEX,50.12,DEX,6,--
16:00:54 ET,50.03,200,Z,50.03,3,BYX,50.12,DEX,6,--
16:00:54 ET,50.04,100,Z,50.03,3,BYX,50.12,DEX,6,--
16:00:54 ET,50.03,100,PH,50.03,3,BYX,50.12,DEX,6,--
16:00:54 ET,50.03,200,Q,50.03,3,BYX,50.12,DEX,6,--
16:00:54 ET,50.03,200,B,50.03,3,BYX,50.12,DEX,6,--
16:00:53 ET,50.1,62,Q,50.03,3,DEX,50.12,DEX,5,--
16:00:53 ET,50.1,38,Q,50.03,3,DEX,50.12,DEX,5,--
16:00:36 ET,50.1,200,NATL,50.05,2,Q,50.1,NATL,2,--
16:00:36 ET,50.1,200,BYX,50.05,2,Q,50.1,BYX,2,--
16:00:36 ET,50.1,200,DEX,50.05,1,Z,50.1,BYX,2,--
16:00:36 ET,50.07,100,Q,50.05,1,Z,50.1,BYX,2,T
16:00:36 ET,50.1,200,DEX,50.07,1,Q,50.1,DEX,6,--
16:00:36 ET,50.1,200,DEX,50.07,1,Q,50.1,DEX,6,--
16:00:36 ET,50.1,200,Z,50.07,1,Q,50.1,DEX,7,--
16:00:36 ET,50.1,200,Z,50.07,1,Q,50.1,DEX,7,--
16:00:36 ET,50.1,200,Z,50.07,1,Q,50.1,DEX,7,--
16:00:36 ET,50.1,200,Q,50.05,1,Q,50.1,Z,8,--
16:00:36 ET,50.1,200,Q,50.05,1,Q,50.1,Z,8,--
16:00:36 ET,50.1,200,Q,50.05,1,Q,50.1,Z,8,--
16:00:36 ET,50.11,100,P,50.05,1,Q,50.1,Z,8,--
16:00:36 ET,50.11,100,P,50.05,1,Q,50.1,Z,8,--
16:00:36 ET,50.1,200,P,50.05,1,Q,50.1,Z,8,--
16:00:36 ET,50.1,200,P,50.05,1,Q,50.1,Z,8,--
16:00:36 ET,50.1,100,P,50.05,1,Q,50.1,Z,8,--
16:00:36 ET,50.1,100,P,50.05,1,Q,50.1,Z,8,--
16:00:36 ET,50.1,200,P,50.05,1,Q,50.1,Z,8,--
16:00:24 ET,50.12,150,DF,50,2,Q,50.12,Q,6,T
16:00:12 ET,49.96,100,DEA,49.96,1,DEX,50.04,Q,1,--
16:00:12 ET,49.96,100,DEX,49.96,2,P,50.04,Q,1,--
16:00:12 ET,49.96,200,P,49.96,2,P,50.04,Q,1,--
16:00:12 ET,49.94,200,NATL,49.96,2,P,50.04,Q,1,--
16:00:12 ET,49.91,100,Q,49.96,2,P,50.04,Q,1,--
16:00:12 ET,49.96,100,Q,49.96,2,P,50.04,Q,1,--
16:00:12 ET,49.96,100,DEX,49.96,4,DEX,50.12,P,4,--
16:00:12 ET,49.96,200,DEX,49.96,4,DEX,50.12,P,4,--
16:00:12 ET,49.97,100,DEX,49.96,4,DEX,50.12,P,4,--
16:00:12 ET,49.96,200,BYX,49.96,4,DEX,50.04,Q,1,--
16:00:12 ET,49.97,100,DEA,49.96,5,Z,50.04,Q,1,--
16:00:12 ET,50.04,100,Q,49.96,5,Z,50.04,Q,1,--
16:00:12 ET,49.97,100,BYX,49.96,5,Z,50.04,Q,1,--
16:00:12 ET,49.96,200,Z,49.96,5,Z,50.04,Q,1,--
16:00:12 ET,49.96,200,Z,49.96,5,Z,50.04,Q,1,--
16:00:12 ET,49.97,100,Z,49.96,5,Z,50.04,Q,1,--
16:00:12 ET,49.96,200,Q,49.96,5,Z,50.12,P,4,--
16:00:12 ET,49.96,100,PH,49.96,5,Z,50.12,P,4,--
16:00:12 ET,49.96,200,B,49.96,5,Z,50.12,P,4,--
16:00:12 ET,49.96,200,Q,49.96,5,Z,50.12,P,4,--
16:00:12 ET,49.94,200,BYX,50,1,DEX,50.14,P,8,--
16:00:12 ET,49.96,200,BYX,50,1,DEX,50.14,P,8,--
16:00:12 ET,50,100,DEA,50,2,DEA,50.14,P,8,--
16:00:12 ET,50,200,B,50,2,DEA,50.14,P,7,--
16:00:03 ET,49.95,100,DEX,49.95,21,DEX,50.02,Q,1,--
16:00:03 ET,49.98,100,Z,49.98,1,A,50.02,Q,1,--
16:00:03 ET,49.98,100,DEX,49.98,1,A,50.02,Q,1,--
16:00:03 ET,49.98,100,BYX,49.98,1,A,50.06,P,3,--
16:00:03 ET,49.98,100,DEA,49.98,1,Q,50.06,P,3,--
16:00:03 ET,49.99,100,A,49.98,1,DEX,50.09,PH,2,--
16:00:03 ET,49.99,100,P,49.99,1,A,50.09,PH,2,--
16:00:03 ET,49.99,100,NATL,49.99,1,NATL,50.09,PH,2,--
16:00:03 ET,49.98,100,DEA,49.99,1,A,50.05,Q,1,--
16:00:03 ET,49.98,100,BYX,49.99,1,A,50.05,Q,1,--
16:00:03 ET,49.99,100,DEX,49.99,1,A,50.05,Q,1,--
16:00:01 ET,49.96,20,Q,49.95,22,DEX,50.03,DEX,4,--
16:00:00 ET,50.01,100,NATL,49.95,22,DEX,50.01,P,2,--
16:00:00 ET,50.04,2662,Q,49.99,48,Q,50.03,BYX,2,--
16:00:00 ET,50.03,104,Z,49.99,48,Q,50.03,BYX,3,T
16:00:00 ET,50.02,100,Z,49.99,48,Q,50.03,BYX,3,--
15:59:59 ET,50.02,99,P,49.99,48,Q,50.03,Q,1,--
15:59:59 ET,50.02,31,Q,49.99,49,Q,50.02,P,1,--
15:59:59 ET,50.0001,10,DF,49.99,48,Q,50.01,P,1,--
15:59:59 ET,50.01,100,NATL,49.99,48,Q,50.01,P,1,--
15:59:59 ET,50.01,100,Z,49.99,49,Q,50.01,P,1,--
15:59:59 ET,50.01,100,DEA,49.99,48,Q,50.01,P,1,--
15:59:59 ET,50.01,100,BYX,49.99,48,Q,50.01,P,1,--
15:59:59 ET,49.99,39,Q,49.99,48,Q,50.01,P,1,--
15:59:59 ET,49.99,100,Q,49.99,49,Q,50,B,1,--
15:59:59 ET,50,20,Q,49.99,50,Q,50.01,B,2,--
15:59:59 ET,50,500,Q,49.99,50,Q,50.01,B,1,--
15:59:59 ET,50,20,Q,49.99,50,Q,50.01,B,1,--
15:59:59 ET,50,901,Q,50,14,Q,50.01,B,1,--
15:59:59 ET,50,99,Q,50,14,Q,50.01,B,1,--
15:59:59 ET,50,1,Q,50,14,Q,50.01,B,1,--
15:59:57 ET,50,6,DF,50,16,Q,50.04,B,1,--
15:59:57 ET,50,18,DF,50,16,Q,50.04,B,1,--
15:59:57 ET,50.0311,100,DF,50,16,Q,50.04,B,1,--
15:59:56 ET,50.01,100,DEX,50.01,1,DEX,50.05,Q,2,--
15:59:56 ET,50.02,100,Q,50.01,1,DEX,50.05,Q,2,--
15:59:56 ET,50.06,100,P,50.02,1,Q,50.06,Q,4,--
15:59:56 ET,50.05,100,P,50.02,1,Q,50.05,Z,1,--
15:59:56 ET,50.05,100,P,50.02,1,Q,50.05,Z,1,--
15:59:56 ET,50.04,100,P,50.01,1,DEX,50.04,A,1,--
15:59:56 ET,50.04,100,P,50.01,1,DEX,50.04,A,1,--
15:59:54 ET,50.04,425,DF,50.01,1,DEX,50.04,Q,2,--
15:59:54 ET,50.04,100,NATL,50.01,1,DEX,50.04,Q,2,--
15:59:54 ET,50.04,100,P,50.01,1,DEX,50.04,Q,2,--
15:59:54 ET,50.025,20,DF,50.01,1,DEX,50.05,Q,3,--
15:59:52 ET,50.0781,3300,DF,50.03,1,Q,50.07,Q,2,--
15:59:52 ET,50.06,100,P,50.03,1,Z,50.06,NATL,1,--
15:59:52 ET,50.05,100,Q,50.03,1,Z,50.05,Q,1,--
15:59:52 ET,50.08,36,Z,50.03,1,Z,50.05,Q,1,--
15:59:52 ET,50.09,64,DEX,50.03,1,Z,50.05,Q,1,--
15:59:52 ET,50.09,100,DEX,50.03,1,Z,50.05,Q,1,--
15:59:52 ET,50.08,64,Z,50.03,1,Z,50.05,Q,1,--
15:59:52 ET,50.08,100,Z,50.03,1,Z,50.05,Q,1,--
15:59:52 ET,50.05,100,Q,50.03,1,Z,50.06,Q,2,--
15:59:52 ET,50.05,100,Q,50.01,2,Q,50.05,PH,1,--
15:59:52 ET,50.05,100,Q,50.01,2,Q,50.05,PH,1,--
15:59:51 ET,50.03,500,DF,50.03,2,Z,50.08,Q,1,--
15:59:51 ET,50.05,680,DEX,50.05,6,DEX,50.08,Q,1,--
15:59:51 ET,50.05,100,DEX,50.05,10,DEX,50.09,Q,2,--
15:59:51 ET,50.05,220,DEX,50.05,10,DEX,50.09,Q,2,--
15:59:51 ET,50.07,68,IX,50.05,10,DEX,50.09,B,3,--
15:59:51 ET,50.07,200,Q,50.07,2,Q,50.1,Q,2,--
15:59:50 ET,50.12,100,DF,50.09,1,Z,50.13,Q,2,--
15:59:50 ET,50.13,379,DF,50.09,1,Z,50.13,Q,2,--
15:59:50 ET,50.0998,100,DF,50.09,1,Z,50.13,Q,2,--
15:59:50 ET,50.0998,100,DF,50.09,1,Z,50.13,Q,2,--
15:59:50 ET,50.0998,100,DF,50.09,1,Z,50.13,Q,1,--
15:59:50 ET,50.13,100,Q,50.09,1,Z,50.14,P,4,--
15:59:50 ET,50.13,100,PH,50.09,1,Z,50.14,P,4,--
15:59:50 ET,50.13,100,Q,50.09,1,Z,50.13,Q,1,--
15:59:50 ET,50.0998,100,DF,50.09,1,Z,50.13,Q,2,--
15:59:50 ET,50.12,100,DF,50.09,1,Z,50.13,Q,2,--
15:59:50 ET,50.118,100,DF,50.09,1,Z,50.13,Q,2,--
15:59:50 ET,50.13,100,Q,50.09,1,Z,50.14,P,4,--
15:59:50 ET,50.0998,100,DF,50.09,1,Z,50.13,Q,1,--
15:59:50 ET,50.0998,100,DF,50.09,1,Z,50.13,Q,1,--
15:59:50 ET,50.0998,100,DF,50.09,1,Z,50.13,Q,1,--
15:59:50 ET,50.0998,100,DF,50.09,1,B,50.13,Q,1,--
15:59:50 ET,50.13,100,Q,50.08,1,IX,50.14,P,4,--
15:59:50 ET,50.13,100,PH,50.08,1,IX,50.14,P,4,--
15:59:50 ET,50.13,100,Q,50.08,1,IX,50.14,P,4,--
15:59:50 ET,50.0998,100,DF,50.08,1,IX,50.13,Q,2,--
15:59:50 ET,50.0998,100,DF,50.08,1,IX,50.13,Q,2,--
15:59:50 ET,50.0998,100,DF,50.08,1,IX,50.13,Q,2,--
15:59:50 ET,50.0998,100,DF,50.08,1,IX,50.13,Q,2,--
15:59:50 ET,50.12,100,DF,50.08,1,N,50.12,IX,1,--
15:59:50 ET,50.0998,100,DF,50.07,4,Q,50.12,Q,1,--
15:59:50 ET,50.12,100,DF,50.08,1,IX,50.12,IX,1,--
15:59:50 ET,50.11,100,Q,50.07,4,Q,50.12,IX,1,--
15:59:50 ET,50.0998,100,DF,50.07,4,Q,50.11,Q,1,--
15:59:50 ET,50.0998,100,DF,50.07,4,Q,50.11,Q,1,--
15:59:50 ET,50.0998,100,DF,50.07,4,Q,50.11,Q,1,--
15:59:50 ET,50.1,100,Q,50.07,4,Q,50.11,Q,1,--
15:59:50 ET,50.1,100,PH,50.07,4,Q,50.11,Q,1,--
15:59:50 ET,50.1,100,Q,50.07,4,Q,50.11,Q,1,--
15:59:50 ET,50.085,100,DEX,50.07,4,Q,50.1,Q,2,--
15:59:50 ET,50.085,100,Z,50.07,4,Q,50.1,Q,2,--
15:59:50 ET,50.085,100,Q,50.07,4,Q,50.1,Q,2,--
15:59:49 ET,50.085,10,DF,50.07,3,Q,50.1,Q,3,--
15:59:48 ET,50.09,100,DEX,50.09,1,Q,50.09,DEX,1,--
15:59:48 ET,50.1,100,Q,50.09,1,Z,50.12,IX,1,--
15:59:48 ET,50.0926,1500,DF,50.08,1,Q,50.12,PH,1,--
15:59:47 ET,50.1141,100,DF,50.08,1,Q,50.12,Q,2,--
15:59:47 ET,50.1074,10,DF,50.08,1,Q,50.12,Q,2,--
15:59:46 ET,50.12,100,Q,50.1,1,Q,50.12,IX,1,--
15:59:44 ET,50.09,60,BYX,50.08,1,N,50.11,Q,1,--
15:59:44 ET,50.09,100,Q,50.08,1,N,50.12,Q,2,--
15:59:42 ET,50.1101,2,DF,50.11,1,Q,50.14,P,2,--
15:59:41 ET,50.1063,15,DF,50.1,1,Q,50.12,IX,1,--
15:59:40 ET,50.1117,300,DF,50.1,1,Q,50.12,IX,1,--
15:59:39 ET,50.1364,250,DF,50.11,1,IX,50.16,Q,2,--
15:59:39 ET,50.12,200,Q,50.11,2,Z,50.14,DEX,1,--
15:59:38 ET,50.1,40,BYX,50.1,2,Q,50.13,Q,1,--
15:59:36 ET,50.14,100,DEX,50.13,1,N,50.14,DEX,1,--
15:59:36 ET,50.14,100,Q,50.11,1,BYX,50.14,DEX,2,--
15:59:36 ET,50.125,100,Q,50.11,1,BYX,50.14,DEX,3,--
15:59:34 ET,50.1243,400,DF,50.12,1,Q,50.14,DEX,1,--
15:59:34 ET,50.135,50,DF,50.12,1,Q,50.14,DEX,1,--
15:59:34 ET,50.14,50,DF,50.12,1,Q,50.14,DEX,1,--
15:59:34 ET,50.1205,200,DF,50.12,1,Q,50.14,DEX,1,--
15:59:31 ET,50.14,100,DEX,50.13,1,N,50.14,DEX,1,--
15:59:31 ET,50.13,100,Z,50.11,3,Q,50.14,DEX,3,--
15:59:31 ET,50.13,100,BYX,50.11,3,Q,50.13,Z,1,--
15:59:31 ET,50.13,100,PH,50.1,2,B,50.13,BYX,1,--
15:59:31 ET,50.13,100,Q,50.1,2,B,50.13,BYX,1,--
15:59:30 ET,50.13,100,B,50.11,1,Q,50.13,Q,2,--
15:59:30 ET,50.13,100,IX,50.13,1,IX,50.14,Q,4,--
15:59:30 ET,50.15,7,Z,50.14,1,Q,50.17,Q,1,--
15:59:27 ET,50.16,100,DF,50.14,1,Q,50.17,Q,1,--
15:59:27 ET,50.1559,200,DF,50.14,1,Q,50.17,Q,1,--
15:59:27 ET,50.17,650,DF,50.15,3,Z,50.17,Q,1,--
15:59:27 ET,50.17,200,DF,50.15,3,Z,50.17,Q,1,--
15:59:27 ET,50.1698,200,DF,50.15,3,Z,50.17,Q,1,--
15:59:27 ET,50.1698,100,DF,50.15,3,Z,50.17,Q,1,--
15:59:27 ET,50.1698,100,DF,50.15,3,Z,50.17,Q,1,--
15:59:26 ET,50.17,300,DF,50.16,1,Q,50.19,Q,1,--
15:59:26 ET,50.17,500,DF,50.16,1,Q,50.19,Q,1,--
15:59:26 ET,50.16,100,IX,50.16,1,Z,50.19,Q,1,--
15:59:26 ET,50.18,100,DF,50.16,1,Z,50.19,Q,1,--
15:59:26 ET,50.17,500,DF,50.16,1,Z,50.19,Q,1,--
15:59:26 ET,50.17,100,Q,50.17,1,Q,50.2,IX,1,--
15:59:26 ET,50.17,400,Q,50.16,1,DEX,50.18,Q,1,--
15:59:26 ET,50.17,100,Q,50.16,1,DEX,50.18,Q,1,--
15:59:24 ET,50.15,100,DF,50.15,1,IX,50.18,NATL,1,--
15:59:24 ET,50.16,5,Q,50.15,1,Z,50.17,Q,1,--
15:59:24 ET,50.17,100,P,50.15,1,Z,50.16,Q,1,--
15:59:24 ET,50.145,100,Q,50.14,1,Q,50.16,Q,1,--
15:59:24 ET,50.15,100,Q,50.14,1,Q,50.15,Q,1,--
15:59:23 ET,50.12,100,Q,50.11,2,Q,50.16,IX,1,--
15:59:21 ET,50.1144,10,DF,50.11,3,B,50.16,IX,1,--
15:59:21 ET,50.11,100,Q,50.1,2,BYX,50.14,DEX,1,--
15:59:21 ET,50.11,56,BYX,50.1,2,BYX,50.14,DEX,1,--
15:59:21 ET,50.11,10,Q,50.1,2,BYX,50.14,DEX,1,--
15:59:21 ET,50.1,10,Q,50.1,2,BYX,50.14,DEX,1,--
15:59:21 ET,50.1,900,DEX,50.1,9,DEX,50.15,Z,2,--
15:59:21 ET,50.1,240,Q,50.1,9,DEX,50.15,Z,2,--
15:59:21 ET,50.1,500,Q,50.1,9,DEX,50.15,Z,2,--
15:59:21 ET,50.1,60,Q,50.1,9,DEX,50.15,Z,2,--
15:59:21 ET,50.1,100,DEX,50.1,10,DEX,50.16,Q,2,--
15:59:21 ET,50.13,100,Q,50.13,1,Q,50.17,Z,3,--
15:59:21 ET,50.13,100,N,50.13,1,N,50.18,Q,3,--
15:59:21 ET,50.13,100,DEA,50.13,1,N,50.18,Q,1,--
15:59:21 ET,50.19,56,DF,50.13,1,N,50.19,DEX,3,--
15:59:21 ET,50.17,10,DF,50.13,1,N,50.19,DEX,3,--
15:59:21 ET,50.17,10,DF,50.13,1,N,50.19,DEX,3,--
15:59:21 ET,50.15,10,Q,50.13,1,N,50.19,PH,2,--
15:59:21 ET,50.15,10,Q,50.13,1,N,50.19,PH,2,--
15:59:21 ET,50.2,24,DF,50.13,1,DEA,50.19,B,1,--
15:59:21 ET,50.15,51,P,50.15,1,P,50.19,B,1,--
15:59:21 ET,50.16,49,P,50.15,1,P,50.19,B,1,--
15:59:21 ET,50.15,100,N,50.15,1,N,50.19,B,1,--
15:59:21 ET,50.15,24,Q,50.15,1,N,50.19,B,1,--
15:59:21 ET,50.15,100,PH,50.16,1,IX,50.22,Q,4,--
15:59:21 ET,50.15,200,Q,50.16,1,IX,50.22,Q,4,--
15:59:21 ET,50.16,5,Q,50.16,1,IX,50.22,Q,4,--
15:59:21 ET,50.16,30,Q,50.19,1,IX,50.22,Q,4,--
15:59:21 ET,50.17,35,Q,50.19,1,IX,50.22,Q,4,--
15:59:21 ET,50.2,100,N,50.2,1,N,50.22,Q,6,--
15:59:21 ET,50.2,200,P,50.2,2,N,50.22,Q,2,--
15:59:21 ET,50.2,100,P,50.2,2,N,50.22,Q,2,--
15:59:21 ET,50.2,100,DEX,50.2,3,P,50.22,Q,1,--
15:59:21 ET,50.2,99,Z,50.2,3,P,50.23,B,2,--
15:59:21 ET,50.2,100,DEA,50.2,3,P,50.23,B,2,--
15:59:21 ET,50.2,100,DEA,50.2,3,P,50.23,B,2,--
15:59:21 ET,50.2,100,DEA,50.2,3,P,50.23,B,2,--
15:59:21 ET,50.2,200,BYX,50.2,3,P,50.23,B,2,--
15:59:21 ET,50.2,100,BYX,50.2,3,P,50.23,B,2,--
15:59:21 ET,50.2,1,Z,50.2,3,P,50.23,Q,3,--
15:59:21 ET,50.2,100,PH,50.2,3,P,50.23,B,2,--
15:59:21 ET,50.2,100,Q,50.2,3,P,50.23,B,2,--
15:59:21 ET,50.2,100,Z,50.2,3,P,50.23,B,2,--
15:59:21 ET,50.2,100,Z,50.2,3,P,50.23,B,1,--
15:59:21 ET,50.21,100,PH,50.2,3,P,50.23,B,1,--
15:59:21 ET,50.21,100,Z,50.2,3,P,50.23,B,1,--
15:59:21 ET,50.2,100,Q,50.2,3,P,50.23,B,1,--
15:59:21 ET,50.2,100,DEX,50.2,3,P,50.23,Q,1,--
15:59:21 ET,50.2,100,B,50.2,3,P,50.23,Q,1,--
15:59:21 ET,50.2,200,B,50.2,3,P,50.23,Q,1,--
15:59:21 ET,50.2,100,DEX,50.2,3,DEX,50.23,Q,1,--
15:59:21 ET,50.21,100,DEX,50.2,3,DEX,50.23,Q,1,--
15:59:21 ET,50.2,100,Q,50.2,3,DEX,50.24,DEX,1,--
15:59:21 ET,50.2,49,Q,50.2,3,DEX,50.24,DEX,1,--
15:59:21 ET,50.21,100,Q,50.2,3,DEX,50.24,DEX,1,--
15:59:21 ET,50.2188,1000,DF,50.2,3,Z,50.24,DEX,1,--
15:59:19 ET,50.23,100,IX,50.23,1,IX,50.25,Q,1,--
15:59:19 ET,50.22,100,BYX,50.23,1,IX,50.25,Q,1,--
15:59:19 ET,50.22,100,DEA,50.23,1,IX,50.25,Q,1,--
15:59:19 ET,50.24,100,Q,50.22,2,B,50.25,Q,1,--
15:59:19 ET,50.24,100,DF,50.22,1,Q,50.24,Q,1,--
15:59:19 ET,50.22,6,DF,50.22,1,Q,50.24,Q,1,--
15:59:19 ET,50.24,100,DF,50.22,1,Q,50.24,Q,1,--
15:59:19 ET,50.24,300,DF,50.22,1,Q,50.24,Q,1,--
15:59:19 ET,50.24,100,DF,50.22,1,Q,50.24,Q,1,--
15:59:19 ET,50.24,100,DF,50.22,1,Q,50.24,Q,1,--
15:59:19 ET,50.23,100,DF,50.23,1,N,50.24,Q,1,--
15:59:19 ET,50.24,100,Q,50.22,1,Q,50.25,DEX,1,--
15:59:19 ET,50.22,12,P,50.22,1,Q,50.23,Z,1,--
15:59:19 ET,50.22,50,DEX,50.21,4,Z,50.23,Q,1,--
15:59:18 ET,50.2341,50,DF,50.2,1,Z,50.24,Q,1,--
15:59:17 ET,50.22,100,DF,50.2,1,Q,50.24,DEX,1,--
15:59:17 ET,50.22,200,DF,50.2,1,Q,50.24,DEX,1,--
15:59:17 ET,50.22,50,P,50.22,1,Q,50.22,DEX,1,--
15:59:17 ET,50.22,100,Q,50.21,2,P,50.22,Q,1,--
15:59:17 ET,50.21,200,DEX,50.21,2,Z,50.24,Q,2,--
15:59:17 ET,50.23,100,IX,50.23,1,N,50.24,Q,1,--
15:59:17 ET,50.23,100,Q,50.23,1,N,50.25,DEX,1,--
15:59:17 ET,50.2473,100,DF,50.23,1,N,50.25,Q,1,--
15:59:17 ET,50.25,100,Q,50.23,2,Q,50.25,Q,1,--
15:59:17 ET,50.25,100,Q,50.23,2,Q,50.25,Q,1,--
15:59:15 ET,50.24,100,DF,50.22,3,Q,50.25,Q,2,--
15:59:15 ET,50.24,100,DF,50.22,3,Q,50.24,IX,1,--
15:59:15 ET,50.24,300,DF,50.22,2,Q,50.24,DEX,1,--
15:59:15 ET,50.24,100,DF,50.22,2,Q,50.24,DEX,1,--
15:59:15 ET,50.24,100,DF,50.22,2,Q,50.24,DEX,1,--
15:59:15 ET,50.24,45,Q,50.22,4,Q,50.25,Q,1,--
15:59:14 ET,50.235,10,DF,50.22,1,Q,50.25,Q,2,--
15:59:13 ET,50.2001,800,DF,50.2,3,B,50.24,Q,1,--
15:59:12 ET,50.21,100,DF,50.2,4,Q,50.23,Z,1,--
15:59:12 ET,50.2001,20,DF,50.2,4,Q,50.23,Z,1,--
15:59:12 ET,50.21,110,DF,50.2,4,Q,50.22,Q,1,--
15:59:12 ET,50.21,100,DF,50.2,4,Q,50.22,Q,1,--
15:59:12 ET,50.22,100,DF,50.19,3,Q,50.22,Q,1,--
15:59:12 ET,50.22,100,DF,50.19,3,Q,50.22,Q,1,--
15:59:12 ET,50.21,100,Q,50.19,1,Z,50.22,Q,1,--
15:59:12 ET,50.22,50,Q,50.21,1,Q,50.22,Q,2,--
15:59:12 ET,50.21,100,DEX,50.21,1,BYX,50.24,Q,3,--
15:59:12 ET,50.21,100,Z,50.21,1,BYX,50.24,Q,2,--
15:59:12 ET,50.22,100,Q,50.21,2,Q,50.25,IX,1,--
15:59:12 ET,50.22,694,DF,50.22,1,Q,50.24,IX,1,--
15:59:10 ET,50.23,50,Q,50.2,3,Q,50.23,Z,1,--
15:59:10 ET,50.23,50,Q,50.22,1,Q,50.23,Z,1,--
15:59:10 ET,50.22,42,Q,50.22,2,Q,50.23,Z,1,--
15:59:09 ET,50.23,50,Q,50.22,2,Q,50.25,IX,1,--
15:59:09 ET,50.22,285,Q,50.2,1,BYX,50.23,Z,1,--
15:59:09 ET,50.22,15,Q,50.22,2,Q,50.23,Q,1,--
15:59:09 ET,50.22,85,BYX,50.22,3,Q,50.24,Q,2,--
15:59:09 ET,50.23,98,Q,50.23,1,IX,50.25,Q,1,--
15:59:09 ET,50.23,2,Q,50.23,1,IX,50.25,Q,1,--
15:59:09 ET,50.23,1,Z,50.23,1,N,50.26,Q,2,--
15:59:09 ET,50.23,100,Q,50.23,3,P,50.27,Q,2,--
15:59:07 ET,50.25,100,DEX,50.24,2,Q,50.25,DEX,1,--
15:59:07 ET,50.25,600,Q,50.23,3,Q,50.25,DEX,1,--
15:59:07 ET,50.25,200,Q,50.23,3,Q,50.25,DEX,1,--
15:59:07 ET,50.24,100,Q,50.23,4,Q,50.25,Q,2,--
15:59:07 ET,50.26,400,DF,50.25,4,DEX,50.28,Q,4,--
15:59:07 ET,50.26,100,DF,50.25,4,DEX,50.28,Q,4,--
15:59:07 ET,50.26,100,Q,50.23,4,Q,50.27,N,1,--
15:59:05 ET,50.24,103,Q,50.24,1,P,50.25,Q,1,--
15:59:05 ET,50.24,100,Q,50.24,1,P,50.25,Q,1,--
15:59:05 ET,50.24,1,DEX,50.24,1,P,50.25,Q,1,--
15:59:05 ET,50.24,1,DEX,50.24,1,P,50.25,Q,1,--
15:59:05 ET,50.24,1,Z,50.24,1,P,50.25,Q,1,--
15:59:05 ET,50.24,100,Q,50.24,4,DEX,50.27,NATL,1,--
15:59:05 ET,50.25,700,Q,50.23,3,Q,50.25,Q,7,--
15:59:05 ET,50.2349,1200,DF,50.22,5,Q,50.25,Q,7,--
15:59:04 ET,50.24,100,Q,50.23,1,BYX,50.25,Q,7,--
15:59:04 ET,50.24,100,DF,50.23,2,DEX,50.24,Q,1,--
15:59:04 ET,50.24,300,DF,50.23,2,DEX,50.24,Q,1,--
15:59:04 ET,50.24,100,DF,50.23,2,DEX,50.24,Q,1,--
15:59:04 ET,50.24,100,DEX,50.22,5,Q,50.24,IX,1,--
15:59:04 ET,50.24,100,DF,50.22,5,Q,50.24,DEX,1,--
15:59:03 ET,50.22,100,NATL,50.22,3,Q,50.25,IX,1,--
15:59:03 ET,50.22,100,BYX,50.22,4,Q,50.25,IX,1,--
15:59:02 ET,50.2321,400,DF,50.22,4,Q,50.25,IX,1,--
15:59:02 ET,50.23,1000,DF,50.21,4,Q,50.25,IX,1,--
15:59:01 ET,50.25,64,DF,50.21,5,Q,50.25,IX,1,--
15:59:00 ET,50.23,200,BYX,50.22,1,NATL,50.25,IX,1,--
15:59:00 ET,50.23,100,DEA,50.23,2,BYX,50.25,IX,1,--
15:59:00 ET,50.23,200,B,50.23,2,BYX,50.25,IX,1,--
15:59:00 ET,50.25,700,Q,50.23,3,Q,50.26,Q,2,--
15:59:00 ET,50.25,58,Q,50.23,3,Q,50.26,Q,2,--
15:59:00 ET,50.25,200,DF,50.24,1,Q,50.26,Z,2,--
15:59:00 ET,50.25,500,Q,50.23,2,Q,50.25,IX,1,--
15:59:00 ET,50.25,50,Q,50.23,2,Q,50.25,IX,1,--
15:59:00 ET,50.25,647,Q,50.23,2,Q,50.25,Q,5,--
15:59:00 ET,50.24,100,Q,50.21,3,Q,50.25,Q,11,--
15:59:00 ET,50.24,10,Q,50.21,3,Q,50.24,Q,1,--
15:58:59 ET,50.2397,300,DF,50.22,2,P,50.24,Q,1,--
15:58:59 ET,50.18,100,DF,50.22,2,P,50.24,Q,1,--
15:58:59 ET,50.24,50,Q,50.22,2,P,50.24,Q,1,--
15:58:59 ET,50.24,50,Q,50.22,2,P,50.24,Q,1,--
15:58:59 ET,50.24,50,Q,50.22,2,N,50.24,Q,3,--
15:58:59 ET,50.24,50,Q,50.22,2,N,50.24,Q,4,--
15:58:59 ET,50.23,10,DEA,50.23,1,DEX,50.24,Q,2,--
15:58:59 ET,50.24,100,Z,50.23,2,Q,50.24,Q,1,--
15:58:59 ET,50.24,50,Q,50.23,1,Q,50.25,Q,12,--
15:58:59 ET,50.24,50,P,50.23,1,Q,50.24,Z,1,--
15:58:59 ET,50.24,50,P,50.23,1,Q,50.24,Z,1,--
15:58:59 ET,50.24,50,Q,50.23,1,Q,50.24,Z,1,--
15:58:59 ET,50.25,50,Q,50.22,2,Q,50.25,Q,12,--
15:58:59 ET,50.25,3,Q,50.22,1,Q,50.25,Q,13,--
15:58:59 ET,50.25,24,Q,50.22,1,Q,50.25,Q,13,--
15:58:59 ET,50.25,20,Q,50.22,1,Q,50.25,Q,13,--
15:58:59 ET,50.25,1,Q,50.2,3,N,50.25,Q,13,--
15:58:59 ET,50.23,2,Q,50.2,3,N,50.25,Q,13,--
15:58:59 ET,50.23,50,Q,50.2,2,NATL,50.23,Q,1,--
15:58:59 ET,50.23,50,Q,50.19,6,P,50.23,Q,1,--
15:58:59 ET,50.23,98,Q,50.19,3,Z,50.23,Q,2,--
15:58:59 ET,50.23,2,Q,50.19,3,Z,50.23,Q,2,--
15:58:59 ET,50.2,10,DEX,50.19,2,Q,50.22,NATL,1,--
15:58:59 ET,50.2,100,DEX,50.19,2,Q,50.2,DEX,1,--
15:58:59 ET,50.2,36,Q,50.19,2,Q,50.2,DEX,1,--
15:58:59 ET,50.2,100,Q,50.19,1,Q,50.2,DEX,1,--
15:58:59 ET,50.2,100,Q,50.19,1,Q,50.2,DEX,1,--
15:58:59 ET,50.2,100,Q,50.19,1,Q,50.2,Q,1,--
15:58:59 ET,50.2,100,DEX,50.19,1,Q,50.2,Q,2,--
15:58:59 ET,50.2,200,Q,50.19,2,Q,50.2,DEX,1,--
15:58:59 ET,50.18,100,DF,50.19,2,Q,50.2,Q,2,--
15:58:59 ET,50.2,100,DEX,50.19,2,Q,50.2,Q,2,--
15:58:59 ET,50.18,100,DF,50.19,2,Q,50.2,Q,2,--
15:58:59 ET,50.2,100,DEX,50.19,2,Q,50.2,Q,2,--
15:58:59 ET,50.2,100,Q,50.19,2,Q,50.2,DEX,1,--
15:58:59 ET,50.17,100,DF,50.19,2,Q,50.2,DEX,1,--
15:58:59 ET,50.2,100,Q,50.19,1,Q,50.2,DEX,1,--
15:58:59 ET,50.2,200,Q,50.18,3,Z,50.2,DEX,1,--
15:58:59 ET,50.2,100,DEX,50.19,1,Q,50.2,Q,2,--
15:58:59 ET,50.2,100,DEX,50.19,1,Q,50.2,Q,2,--
15:58:59 ET,50.2,20,Q,50.19,1,Q,50.2,DEX,1,--
15:58:59 ET,50.2,100,Q,50.18,2,Q,50.2,DEX,1,--
15:58:59 ET,50.2,200,Q,50.18,2,Q,50.2,DEX,1,--
15:58:59 ET,50.2,80,Q,50.18,2,Q,50.2,DEX,1,--
15:58:59 ET,50.2,100,DEX,50.19,2,Z,50.2,P,2,--
15:58:59 ET,50.2,120,Q,50.18,2,Q,50.2,DEX,3,--
15:58:59 ET,50.19,30,Q,50.18,2,Q,50.2,DEX,3,--
15:58:59 ET,50.19,50,Q,50.18,2,Q,50.2,DEX,3,--
15:58:59 ET,50.19,50,Q,50.18,2,Q,50.2,DEX,3,--
15:58:59 ET,50.19,50,Q,50.18,2,Q,50.19,Q,1,--
15:58:59 ET,50.19,50,Q,50.18,2,Q,50.19,Q,1,--
15:58:59 ET,50.19,50,Q,50.18,1,Q,50.19,Q,2,--
15:58:59 ET,50.18,15,BYX,50.18,1,Q,50.19,Q,3,--
15:58:59 ET,50.19,50,P,50.18,1,Q,50.19,Q,5,--
15:58:59 ET,50.19,50,Q,50.18,1,Q,50.19,Q,5,--
15:58:59 ET,50.19,99,P,50.17,1,Q,50.19,Q,5,--
15:58:59 ET,50.19,30,P,50.17,1,Q,50.19,Q,5,--
15:58:59 ET,50.18,200,N,50.17,1,Q,50.19,Q,4,--
15:58:59 ET,50.19,100,N,50.17,1,Q,50.19,Q,5,--
15:58:59 ET,50.2,100,DEX,50.17,1,Q,50.19,Q,5,--
15:58:59 ET,50.2,100,DEX,50.17,1,Q,50.19,Q,5,--
15:58:59 ET,50.2,100,BYX,50.17,1,Q,50.19,Q,3,--
15:58:59 ET,50.19,100,DEX,50.17,2,Z,50.19,Q,1,--
15:58:59 ET,50.2,50,BYX,50.17,1,Q,50.19,Q,1,--
15:58:59 ET,50.2,50,BYX,50.17,1,Q,50.2,Q,3,--
15:58:59 ET,50.19,100,BYX,50.17,1,Q,50.2,Q,3,--
15:58:59 ET,50.18,100,Q,50.17,1,Q,50.2,Q,3,--
15:58:59 ET,50.18,100,Q,50.17,1,Q,50.2,DEX,3,--
15:58:59 ET,50.19,100,PH,50.19,1,Q,50.2,DEX,3,--
15:58:59 ET,50.22,100,IX,50.19,1,Q,50.2,DEX,3,--
15:58:59 ET,50.2,264,Q,50.18,2,Q,50.2,B,2,--
15:58:59 ET,50.2,200,Q,50.18,2,Q,50.2,B,2,--
15:58:59 ET,50.2,200,Q,50.18,2,Q,50.2,B,2,--
15:58:59 ET,50.19,100,B,50.18,2,Q,50.2,Q,4,--
15:58:59 ET,50.19,100,Q,50.18,2,Q,50.2,Q,4,--
15:58:59 ET,50.19,100,NATL,50.17,2,Q,50.18,NATL,1,--
15:58:59 ET,50.18,100,NATL,50.17,2,Q,50.18,NATL,1,--
15:58:59 ET,50.22,100,N,50.17,2,Q,50.18,NATL,1,--
15:58:59 ET,50.2,100,N,50.17,2,Q,50.18,NATL,1,--
15:58:59 ET,50.2,200,Q,50.17,1,Q,50.18,NATL,1,--
15:58:59 ET,50.2,33,Q,50.15,3,DEX,50.18,NATL,1,--
15:58:59 ET,50.2,30,Q,50.15,3,DEX,50.18,NATL,1,--
15:58:59 ET,50.2,1,Q,50.15,3,DEX,50.18,NATL,1,--
15:58:59 ET,50.2,300,Q,50.15,3,DEX,50.18,NATL,1,--
15:58:59 ET,50.18,200,Q,50.16,1,Q,50.18,Q,4,--
15:58:59 ET,50.2,100,DEX,50.16,1,Q,50.18,Q,4,--
15:58:59 ET,50.17,100,Z,50.16,1,Q,50.18,Q,4,--
15:58:59 ET,50.2,100,DEX,50.14,2,Q,50.18,Q,4,--
15:58:59 ET,50.18,100,DEX,50.14,2,Q,50.18,Q,4,--
15:58:59 ET,50.17,100,Z,50.14,2,Q,50.18,Q,4,--
15:58:59 ET,50.18,100,DEA,50.14,2,Q,50.18,Q,4,--
15:58:59 ET,50.18,100,BYX,50.14,2,Q,50.17,Z,1,--
15:58:59 ET,50.16,100,Q,50.13,2,Q,50.16,Q,1,--
15:58:59 ET,50.16,100,Q,50.13,2,Q,50.16,Q,1,--
15:58:59 ET,50.15,100,Q,50.13,2,Q,50.16,Q,2,--
15:58:59 ET,50.2,100,B,50.13,2,Q,50.16,Q,3,--
15:58:58 ET,50.15,8,Q,50.13,2,N,50.16,Q,4,--
15:58:57 ET,50.1421,100,DF,50.13,2,N,50.16,Q,3,--
15:58:56 ET,50.15,15,DF,50.15,1,IX,50.16,Q,2,--
15:58:56 ET,50.14,185,DF,50.15,1,IX,50.16,Q,2,--
15:58:56 ET,50.15,185,Q,50.13,2,N,50.16,Q,2,--
15:58:52 ET,50.14,155,DF,50.13,1,Q,50.15,Q,1,--
15:58:52 ET,50.15,155,Q,50.13,1,Q,50.15,Q,1,--
15:58:52 ET,50.14,100,Z,50.13,1,Q,50.15,Q,3,--
15:58:52 ET,50.14,100,Q,50.13,1,Q,50.15,Q,3,--
15:58:51 ET,50.148,32,DF,50.13,1,Q,50.15,Q,3,--
15:58:51 ET,50.1302,40,DF,50.13,1,Q,50.15,Q,3,--
15:58:47 ET,50.1301,4500,DF,50.13,1,Q,50.15,Q,3,--
15:58:38 ET,50.138,5,DF,50.13,1,Q,50.15,Q,3,--
15:58:29 ET,50.13,13,DF,50.13,2,Q,50.16,Q,1,--
15:58:28 ET,50.1461,98,DF,50.13,4,Q,50.16,Q,1,--
15:58:28 ET,50.15,98,DEX,50.13,4,Q,50.16,Q,1,--
15:58:28 ET,50.14,2,Q,50.13,2,Q,50.15,DEX,1,--
15:58:28 ET,50.14,98,Q,50.12,2,P,50.15,DEX,1,--
15:58:28 ET,50.14,100,Q,50.12,2,P,50.14,Q,2,--
15:58:28 ET,50.135,100,Q,50.13,1,N,50.14,Q,2,--
15:58:20 ET,50.15,10,DF,50.12,1,Q,50.15,Q,2,--
15:58:18 ET,50.15,100,Z,50.15,1,Z,50.16,Q,3,--
15:58:18 ET,50.135,100,P,50.13,2,Q,50.16,NATL,1,--
15:58:18 ET,50.13,100,Z,50.13,2,Q,50.16,NATL,1,--
15:58:18 ET,50.14,100,DEX,50.13,2,Q,50.14,DEX,1,--
15:58:18 ET,50.15,100,Q,50.12,1,Q,50.14,DEX,1,--
15:58:18 ET,50.14,998,Q,50.12,1,Q,50.14,DEX,1,--
15:58:18 ET,50.13,100,Q,50.12,1,Q,50.14,DEX,1,--
15:58:17 ET,50.13,100,IX,50.13,1,N,50.14,Q,9,--
15:58:14 ET,50.115,500,DF,50.1,7,Q,50.13,Q,2,--
15:58:11 ET,50.1068,400,DF,50.1,7,Q,50.13,Q,1,--
15:58:09 ET,50.12,100,Z,50.1,7,Q,50.14,Q,10,--
15:58:09 ET,50.12,85,P,50.12,1,A,50.14,Q,11,--
15:58:09 ET,50.12,100,NATL,50.12,1,A,50.14,Q,11,--
15:58:09 ET,50.12,15,Q,50.12,1,A,50.14,Q,11,--
15:58:09 ET,50.12,85,Q,50.12,2,Q,50.14,Q,11,--
15:58:09 ET,50.12,100,BYX,50.12,2,Q,50.14,Q,11,--
15:58:09 ET,50.12,100,DEA,50.12,2,Q,50.14,Q,11,--
15:58:09 ET,50.12,100,B,50.12,2,Q,50.14,Q,10,--
15:58:09 ET,50.13,557,Q,50.13,5,Q,50.14,Q,10,--
15:58:09 ET,50.13,100,PH,50.13,5,Q,50.14,Q,10,--
15:58:08 ET,50.13,50,PH,50.13,6,Q,50.14,Q,9,--
15:58:05 ET,50.1399,4,DF,50.13,6,Q,50.14,Q,9,--
15:58:05 ET,50.13,100,Q,50.12,3,Q,50.14,Q,10,--
15:58:05 ET,50.13,100,Q,50.13,1,PH,50.14,Q,9,--
15:58:05 ET,50.13,73,Q,50.13,1,PH,50.14,Q,9,--
15:58:00 ET,50.13,27,Q,50.12,9,Q,50.14,Q,10,--
15:58:00 ET,50.14,20,DEX,50.12,8,Q,50.14,Q,10,--
15:57:59 ET,50.14,2,Q,50.13,1,N,50.14,Q,9,--
15:57:58 ET,50.13,10,DF,50.12,2,DEX,50.14,Q,11,--
15:57:55 ET,50.1301,39,DF,50.13,1,N,50.17,Q,4,--
15:57:54 ET,50.145,10,DF,50.12,2,Q,50.17,Q,4,--
15:57:54 ET,50.16,10,Q,50.14,1,PH,50.17,Q,2,--
15:57:53 ET,50.15,100,P,50.14,1,PH,50.16,Q,1,--
15:57:50 ET,50.12,10,DF,50.12,2,P,50.14,DEX,1,--
15:57:45 ET,50.13,58,Q,50.12,1,DEX,50.15,Q,1,--
15:57:45 ET,50.13,20,Q,50.12,2,Z,50.15,Q,1,--
15:57:42 ET,50.155,100,DF,50.14,2,Q,50.17,Q,2,--
15:57:35 ET,50.17,500,DF,50.13,1,IX,50.17,Q,2,--
15:57:35 ET,50.1489,500,DF,50.13,1,IX,50.17,Q,2,--
15:57:35 ET,50.1366,100,DF,50.13,1,IX,50.17,Q,2,--
15:57:35 ET,50.15,100,Q,50.13,1,IX,50.17,Q,2,--
15:57:33 ET,50.1301,200,DF,50.13,1,IX,50.17,Q,2,--
15:57:26 ET,50.126,200,DF,50.12,4,Q,50.14,Q,1,--
15:57:25 ET,50.125,50,DF,50.12,2,Q,50.14,Q,1,--
15:57:25 ET,50.13,50,Q,50.12,2,Q,50.14,DEX,1,--
15:57:25 ET,50.129,50,BYX,50.12,2,Q,50.13,Q,1,--
15:57:24 ET,50.12,1,B,50.12,1,Q,50.14,Q,7,--
15:57:24 ET,50.12,99,B,50.12,1,Q,50.14,Q,7,--
15:57:23 ET,50.12,100,Q,50.12,1,Q,50.14,Q,2,--
15:57:23 ET,50.13,100,Q,50.11,2,Q,50.14,Q,2,--
15:57:23 ET,50.13,50,Q,50.11,1,DEX,50.13,Q,1,--
15:57:23 ET,50.13,50,Q,50.11,1,DEX,50.13,Q,1,--
15:57:23 ET,50.13,50,Q,50.11,1,DEX,50.13,Q,1,--
15:57:20 ET,50.13,100,Q,50.12,2,P,50.14,DEX,1,--
15:57:20 ET,50.13,100,Q,50.12,2,P,50.14,DEX,1,--
15:57:19 ET,50.14,1,Q,50.13,2,Q,50.15,Z,1,--
15:57:19 ET,50.14,99,Q,50.14,1,Q,50.15,Z,1,--
15:57:15 ET,50.14,100,Q,50.14,1,PH,50.15,Z,1,--
15:57:15 ET,50.145,100,Q,50.14,2,Q,50.15,Z,1,--
15:57:10 ET,50.145,100,Z,50.14,1,IX,50.15,Z,1,--
15:57:10 ET,50.15,788,DF,50.14,1,IX,50.15,Z,1,--
15:57:10 ET,50.15,112,Q,50.13,3,Q,50.15,Q,7,--
15:57:10 ET,50.145,100,Q,50.13,3,Q,50.15,Q,7,--
15:57:09 ET,50.138,10,DF,50.13,2,Q,50.15,Q,10,--
15:57:04 ET,50.14,20,Q,50.13,1,N,50.15,Q,11,--
15:57:03 ET,50.13,100,Q,50.13,1,N,50.14,Q,1,--
15:57:03 ET,50.13,100,Q,50.13,2,Q,50.14,Q,1,--
15:57:03 ET,50.13,100,B,50.13,4,Q,50.14,Q,1,--
15:57:03 ET,50.14,100,Z,50.14,2,Z,50.15,Q,9,--
15:57:03 ET,50.14,1,Q,50.13,3,Q,50.15,Q,9,--
15:57:03 ET,50.14,99,Q,50.13,3,Q,50.14,Q,1,--
15:57:02 ET,50.13,100,DF,50.13,1,N,50.14,Q,2,--
15:57:01 ET,50.1381,500,DF,50.13,2,Q,50.14,Q,1,--
15:57:00 ET,50.13,48,Q,50.12,3,Q,50.14,Q,1,--
15:57:00 ET,50.13,15,Q,50.12,3,Q,50.14,Q,1,--
15:57:00 ET,50.13,12,Q,50.12,3,Q,50.14,Q,1,--
15:57:00 ET,50.13,25,Q,50.12,3,Q,50.14,Q,1,--
15:56:59 ET,50.11,20,DF,50.11,2,Q,50.13,Q,2,--
15:56:58 ET,50.14,100,IX,50.14,1,IX,50.15,Q,11,--
15:56:54 ET,50.125,100,Z,50.13,1,Q,50.15,Q,10,--
15:56:54 ET,50.14,100,Q,50.11,2,Q,50.15,Q,10,--
15:56:51 ET,50.13,99,Z,50.12,3,Q,50.15,Q,11,--
15:56:50 ET,50.1153,100,DF,50.11,4,Q,50.13,Z,1,--
15:56:50 ET,50.12,100,Q,50.11,4,Q,50.13,Z,1,--
15:56:44 ET,50.11,55,Q,50.1,3,Q,50.13,Z,1,--
15:56:44 ET,50.11,45,Q,50.1,3,Q,50.13,Z,1,--
15:56:44 ET,50.107,10,DF,50.1,1,Q,50.11,Q,1,--
15:56:43 ET,50.11,100,Z,50.11,2,Q,50.13,Z,2,--
15:56:43 ET,50.12,20,Q,50.09,1,IX,50.13,Z,2,--
15:56:41 ET,50.117,10,DF,50.09,1,IX,50.13,Q,1,--
15:56:40 ET,50.1226,200,DF,50.09,1,IX,50.13,Q,1,--
15:56:34 ET,50.0901,300,DF,50.09,2,Q,50.12,Q,1,--
15:56:33 ET,50.12,1,Q,50.11,1,NATL,50.13,Q,1,--
15:56:33 ET,50.12,99,Q,50.11,1,NATL,50.14,Q,3,--
15:56:30 ET,50.12,181,Q,50.09,3,P,50.12,Q,3,--
15:56:30 ET,50.12,19,Q,50.09,3,P,50.12,Q,3,--
15:56:30 ET,50.14,100,N,50.08,4,PH,50.11,NATL,1,--
15:56:30 ET,50.16,100,P,50.08,4,PH,50.1,NATL,1,--
15:56:30 ET,50.15,1000,DEX,50.08,4,PH,50.1,NATL,1,--
15:56:30 ET,50.16,100,P,50.08,4,PH,50.1,NATL,1,--
15:56:30 ET,50.085,100,P,50.08,4,PH,50.1,NATL,1,--
15:56:30 ET,50.15,100,Z,50.08,4,PH,50.1,NATL,1,--
15:56:30 ET,50.085,100,Z,50.08,3,PH,50.1,NATL,1,--
15:56:30 ET,50.12,100,BYX,50.08,2,PH,50.1,NATL,1,--
15:56:30 ET,50.11,100,BYX,50.08,2,PH,50.1,NATL,1,--
15:56:30 ET,50.1,100,BYX,50.08,2,PH,50.1,BYX,1,--
15:56:30 ET,50.13,100,DEA,50.08,2,PH,50.1,BYX,1,--
15:56:30 ET,50.12,100,DEA,50.08,2,PH,50.1,DEA,1,--
15:56:30 ET,50.11,100,DEA,50.08,2,PH,50.1,DEA,1,--
15:56:30 ET,50.1,100,DEA,50.08,1,B,50.1,DEA,1,--
15:56:30 ET,50.085,100,DEX,50.08,1,B,50.1,DEA,1,--
15:56:30 ET,50.12,400,Q,50.07,2,Q,50.1,DEA,1,--
15:56:30 ET,50.11,100,Q,50.08,1,B,50.1,DEA,1,--
15:56:30 ET,50.1,100,Q,50.08,1,B,50.1,DEA,1,--
15:56:30 ET,50.1,100,Q,50.08,1,B,50.09,DEX,1,--
15:56:30 ET,50.08,100,Q,50.08,1,B,50.09,DEX,1,--
15:56:30 ET,50.08,100,Q,50.08,1,B,50.09,DEX,1,--
15:56:30 ET,50.082,268,DF,50.08,1,PH,50.1,Q,2,--
15:56:29 ET,50.07,100,Q,50.06,5,Q,50.09,DEX,2,--
15:56:24 ET,50.08,100,Q,50.08,2,Q,50.09,DEX,1,--
15:56:20 ET,50.09,100,Z,50.09,1,IX,50.1,Q,1,--
15:56:16 ET,50.0908,200,DF,50.07,1,Q,50.1,BYX,1,--
15:56:15 ET,50.06,20,DF,50.06,4,Q,50.1,BYX,1,--
15:56:02 ET,50.09,64,DEX,50.07,1,Q,50.09,DEX,1,--
15:55:56 ET,50.1026,100,DF,50.09,1,Z,50.12,Q,7,--
15:55:56 ET,50.1172,200,DF,50.09,1,Z,50.12,Q,7,--
15:55:55 ET,50.1,100,Q,50.09,2,Q,50.11,Q,2,--
15:55:53 ET,50.1,500,DEX,50.09,1,Q,50.1,DEX,5,--
15:55:53 ET,50.09,59,Z,50.09,1,Q,50.1,DEX,5,--
15:55:53 ET,50.09,41,Z,50.09,1,Q,50.09,Z,1,--
15:55:53 ET,50.1,371,Q,50.08,3,Q,50.09,Z,1,--
15:55:53 ET,50.1,1729,Q,50.08,3,Q,50.09,Z,1,--
15:55:53 ET,50.09,230,Q,50.08,2,Q,50.09,Z,1,--
15:55:53 ET,50.09,196,Q,50.08,2,Q,50.09,Q,2,--
15:55:53 ET,50.09,104,Q,50.08,2,Q,50.09,Q,4,--
15:55:53 ET,50.09,270,Q,50.08,2,Q,50.09,Q,4,--
15:55:53 ET,50.09,30,Q,50.08,1,Q,50.09,Q,8,--
15:55:53 ET,50.09,70,Q,50.08,1,Q,50.09,Q,9,--
15:55:53 ET,50.09,80,Q,50.08,1,Q,50.09,Q,9,--
15:55:53 ET,50.09,50,Q,50.07,3,Q,50.09,Q,9,--
15:55:51 ET,50.08,100,Q,50.07,2,Q,50.09,Q,11,--
15:55:51 ET,50.08,100,Q,50.07,3,Q,50.09,Q,11,--
15:55:44 ET,50.08,100,DF,50.07,2,Q,50.09,Q,11,--
15:55:44 ET,50.08,100,Z,50.07,2,Q,50.09,Q,11,--
15:55:44 ET,50.09,100,Q,50.07,2,Q,50.09,Q,11,--
15:55:44 ET,50.08,100,Q,50.07,2,Q,50.09,Q,11,--
15:55:41 ET,50.0798,500,DF,50.07,1,Q,50.08,Q,1,--
15:55:41 ET,50.07,100,Q,50.06,2,Q,50.08,Q,2,--
15:55:40 ET,50.0894,100,DF,50.06,2,Q,50.09,Q,12,--
15:55:40 ET,50.075,100,Z,50.06,2,Q,50.09,Q,12,--
15:55:40 ET,50.075,100,P,50.06,2,Q,50.09,Q,12,--
15:55:37 ET,50.07,17,P,50.07,1,Q,50.09,Q,12,--
15:55:37 ET,50.07,83,P,50.06,2,Q,50.09,Q,13,--
15:55:37 ET,50.07,100,NATL,50.04,2,Q,50.07,P,1,--
15:55:37 ET,50.07,100,BYX,50.04,1,Q,50.07,P,1,--
15:55:37 ET,50.07,100,DEA,50.04,1,Q,50.07,P,1,--
15:55:24 ET,50.04,20,IX,50.04,1,IX,50.06,P,1,--
15:55:20 ET,50.07,200,DF,50.05,1,PH,50.06,Q,3,--
15:55:20 ET,50.05,20,Q,50.05,1,PH,50.06,Q,3,--
15:55:19 ET,50.04,100,Q,50.04,1,Q,50.05,Q,1,--
15:55:17 ET,50.03,100,Q,50.03,1,Q,50.04,Q,1,--
15:55:17 ET,50.0398,200,DF,50.03,1,Q,50.04,Q,1,--
15:55:15 ET,50.03,100,Q,50.02,3,Q,50.04,Q,1,--
15:55:15 ET,50.03,100,Q,50.02,2,Q,50.04,Q,1,--
15:55:15 ET,50.03,100,DF,50.02,2,Q,50.03,Q,1,--
15:55:15 ET,50.03,100,DF,50.02,2,Q,50.03,Q,1,--
15:55:15 ET,50.03,300,DF,50.02,2,Q,50.03,Q,1,--
15:55:15 ET,50.0421,200,DF,50.03,1,Z,50.05,P,1,--
15:55:13 ET,50.04,100,Q,50.02,4,Q,50.05,P,1,--
15:55:13 ET,50.04,200,DF,50.02,4,Q,50.04,Q,1,--
15:55:13 ET,50.03,100,Q,50.02,3,Q,50.04,Q,1,--
15:55:13 ET,50.01,72,DF,50.01,1,Q,50.04,DEX,1,--
15:55:13 ET,50.01,99,Q,50,1,IX,50.04,DEX,1,--
15:55:13 ET,50.01,100,Q,50,1,IX,50.04,DEX,1,--
15:55:13 ET,50.02,1,Q,50.01,1,Q,50.04,Q,1,--
15:55:04 ET,50.02,100,Q,50.01,4,Q,50.04,BYX,1,--
15:55:03 ET,50.015,100,Q,50.01,3,Q,50.02,Q,1,--
15:55:00 ET,50.05,98,NATL,50.02,1,Q,50.05,NATL,1,--
15:55:00 ET,50.05,5,BYX,50.04,1,Q,50.05,NATL,1,--
15:55:00 ET,50.05,1,DEA,50.04,1,Q,50.05,NATL,1,--
15:55:00 ET,50.05,99,DEA,50.04,1,Q,50.05,NATL,1,--
15:55:00 ET,50.04,20,Q,50.03,1,Z,50.05,NATL,1,--
15:54:58 ET,50.03,100,Q,50.02,2,Q,50.05,BYX,1,--
15:54:55 ET,50.025,2,DF,50.01,1,Q,50.04,DEX,1,--
15:54:55 ET,50.04,200,DF,50.01,1,Q,50.04,DEX,1,--
15:54:55 ET,50.02,100,Q,50.01,1,Q,50.04,DEX,1,--
15:54:54 ET,50.03,100,Q,50.02,1,Q,50.03,Q,1,--
15:54:54 ET,50.025,100,Q,50.02,1,Q,50.03,Q,1,--
15:54:54 ET,50.03,100,B,50.03,1,Z,50.05,Q,2,--
15:54:53 ET,50.04,100,Q,50.02,2,Q,50.05,BYX,1,--
15:54:51 ET,50.03,100,Z,50.02,1,P,50.06,Q,2,--
15:54:50 ET,50.03,100,Z,50.04,1,Q,50.06,P,2,--
15:54:50 ET,50.04,100,Q,50.02,2,Q,50.04,DEX,1,--
15:54:50 ET,50.03,100,Q,50.02,2,Q,50.04,DEX,1,--
15:54:44 ET,50.02,100,Q,50.01,2,Q,50.03,Q,2,--
15:54:41 ET,50.02,100,Q,50.01,3,Q,50.05,Q,2,--
15:54:41 ET,50.02,100,Q,50.01,2,DEX,50.05,Q,1,--
15:54:41 ET,50.022,100,DF,50.02,1,Q,50.05,Q,1,--
15:54:41 ET,50.0227,100,DF,50.02,1,Q,50.05,Q,1,--
15:54:41 ET,50.02,100,DF,50.02,1,Q,50.05,Q,1,--
15:54:40 ET,50.0399,100,DF,50.03,1,Q,50.05,Q,6,--
15:54:40 ET,50.05,100,NATL,50.03,1,Q,50.05,Q,6,--
15:54:40 ET,50.0399,100,DF,50.03,1,Q,50.05,Q,6,--
15:54:40 ET,50.04,100,Q,50.02,3,Q,50.05,Q,6,--
15:54:39 ET,50.04,100,Q,50.02,1,Q,50.05,Q,6,--
15:54:39 ET,50.04,100,Q,50.02,1,Q,50.05,Q,6,--
15:54:39 ET,50.04,100,Q,50.02,1,Q,50.04,DEX,1,--
15:54:39 ET,50.04,100,Q,50.02,1,Q,50.04,Q,1,--
15:54:38 ET,50.03,100,Q,50.02,1,N,50.04,Q,1,--
15:54:37 ET,50.025,300,DF,50.01,1,DEA,50.04,DEX,1,--
15:54:36 ET,50.04,100,DEX,50.02,3,Q,50.04,DEX,1,--
15:54:33 ET,50.03,100,NATL,50.03,1,NATL,50.05,Q,1,--
15:54:33 ET,50.01,100,DEX,50.03,1,N,50.05,Q,1,--
15:54:33 ET,50.01,100,DEA,50.03,1,N,50.05,Q,1,--
15:54:33 ET,50.02,100,DEA,50.03,1,N,50.05,Q,1,--
15:54:33 ET,50.01,100,BYX,50.03,1,N,50.05,Q,1,--
15:54:33 ET,50.03,100,DEA,50.03,1,N,50.05,Q,1,--
15:54:33 ET,50.02,100,BYX,50.03,1,N,50.05,Q,1,--
15:54:33 ET,50.03,100,BYX,50.03,1,N,50.05,Q,1,--
15:54:33 ET,50.04,100,Q,50.03,1,N,50.06,P,1,--
15:54:33 ET,50.0573,500,DF,50.04,1,Q,50.06,P,1,--
15:54:31 ET,50.06,200,Q,50.04,1,Q,50.06,P,1,--
15:54:30 ET,50.04,100,Q,50.03,2,Q,50.05,Q,1,--
15:54:29 ET,50.053,10,DF,50.05,1,P,50.06,Q,2,--
15:54:29 ET,50.05,100,Q,50.04,3,Q,50.06,Q,2,--
15:54:28 ET,50.05,100,Q,50.04,3,Q,50.06,Q,2,--
15:54:28 ET,50.04,100,DEX,50.04,3,Q,50.06,Q,3,--
15:54:28 ET,50.04,100,N,50.04,3,Q,50.06,Q,3,--
15:54:28 ET,50.04,200,P,50.04,3,Q,50.06,Q,3,--
15:54:28 ET,50.04,100,P,50.04,3,Q,50.06,Q,3,--
15:54:26 ET,50.05,100,DF,50.04,1,P,50.06,Q,2,--
15:54:26 ET,50.05,1300,Q,50.04,1,P,50.06,Q,2,--
15:54:26 ET,50.05,100,P,50.04,3,Q,50.06,Q,2,--
15:54:26 ET,50.05,100,Q,50.04,1,Q,50.06,Q,2,--
15:54:23 ET,50.05,100,Q,50.04,2,P,50.06,Q,3,--
15:54:23 ET,50.05,100,Q,50.04,2,P,50.06,Q,3,--
15:54:22 ET,50.04,100,IX,50.04,3,Q,50.06,Q,2,--
15:54:22 ET,50.04,56,BYX,50.04,3,Z,50.06,P,1,--
15:54:20 ET,50.06,42,Q,50.04,1,Q,50.07,Q,2,--
15:54:20 ET,50.06,58,Q,50.04,1,IX,50.07,Q,2,--
15:54:17 ET,50.0664,500,DF,50.06,2,Q,50.07,Q,2,--
15:54:16 ET,50.06,100,Q,50.05,2,Q,50.07,Q,2,--
15:54:15 ET,50.0552,425,DF,50.05,1,Z,50.06,Q,1,--
15:54:15 ET,50.0626,100,DF,50.05,1,Z,50.06,Q,1,--
15:54:15 ET,50.06,100,DF,50.05,1,Z,50.06,Q,1,--
15:54:15 ET,50.06,100,Q,50.05,2,Q,50.07,Q,2,--
15:54:14 ET,50.07,100,Q,50.06,2,Q,50.08,Q,3,--
15:54:14 ET,50.07,100,Q,50.06,2,Q,50.08,Q,3,--
15:54:14 ET,50.07,100,Q,50.06,1,Q,50.08,Q,3,--
15:54:14 ET,50.07,100,Q,50.06,2,Q,50.08,Q,3,--
15:54:14 ET,50.07,100,Q,50.06,2,Q,50.08,Q,3,--
15:54:14 ET,50.07,100,Q,50.06,2,Q,50.08,Q,3,--
15:54:14 ET,50.06,100,Q,50.05,2,B,50.07,Q,2,--
15:54:14 ET,50.07,100,Q,50.05,2,B,50.08,Q,3,--
15:54:14 ET,50.07,100,Q,50.05,2,Q,50.07,Q,1,--
15:54:14 ET,50.07,100,DF,50.05,2,Q,50.07,Q,2,--
15:54:14 ET,50.06,100,Q,50.05,2,B,50.07,Q,2,--
15:54:14 ET,50.07,100,Q,50.05,3,Q,50.07,Q,1,--
15:54:14 ET,50.06,100,Q,50.05,2,Q,50.07,Q,1,--
15:54:14 ET,50.06,100,Q,50.05,2,BYX,50.07,Q,1,--
15:54:14 ET,50.06,100,Q,50.05,2,Q,50.06,Q,1,--
15:54:14 ET,50.06,100,Q,50.05,2,Q,50.07,Q,1,--
15:54:10 ET,50.06,100,BYX,50.04,1,Q,50.06,Q,3,--
15:54:09 ET,50.05,100,Q,50.04,1,Q,50.06,Q,3,--
15:54:09 ET,50.055,100,Q,50.05,1,Q,50.06,Q,1,--
15:54:08 ET,50.0547,200,DF,50.04,4,Q,50.06,Q,2,--
15:54:07 ET,50.06,100,DEA,50.04,4,Q,50.06,BYX,1,--
15:54:05 ET,50.05,100,Q,50.04,6,Q,50.06,Q,1,--
15:54:04 ET,50.05,100,Q,50.04,2,Q,50.06,Q,2,--
15:54:04 ET,50.05,100,Q,50.04,1,Q,50.05,Q,1,--
15:54:04 ET,50.05,100,Q,50.04,2,Q,50.06,Q,2,--
15:54:04 ET,50.05,100,Q,50.03,4,Q,50.06,Q,2,--
15:54:04 ET,50.04,100,Q,50.03,4,Q,50.05,Q,1,--
15:54:04 ET,50.05,100,DEA,50.03,3,Q,50.05,Q,1,--
15:54:04 ET,50.05,400,DEA,50.03,4,Q,50.05,Q,2,--
15:54:04 ET,50.05,100,DEA,50.03,4,Q,50.05,Q,2,--
15:54:00 ET,50.02,100,Q,50.01,1,Q,50.03,Q,1,--
15:54:00 ET,50.01,100,Q,50,1,Q,50.02,Q,2,--
15:54:00 ET,50.01,100,Q,50.01,1,P,50.02,Q,2,--
15:54:00 ET,50.01,100,Q,50,1,Q,50.02,Q,2,--
15:54:00 ET,50.01,100,Q,50,1,Q,50.02,Q,3,--
15:54:00 ET,50.01,100,Q,50.01,1,Q,50.02,Q,1,--
15:54:00 ET,50.01,100,Q,50,1,Q,50.02,Q,1,--
15:54:00 ET,50.01,100,Q,50.01,1,Q,50.02,Q,2,--
15:54:00 ET,50.01,100,Q,49.98,1,N,50.02,Q,2,--
15:54:00 ET,50,64,Q,50,6,DEX,50.05,B,6,--
15:54:00 ET,50,36,Q,50,6,DEX,50.05,B,6,--
15:54:00 ET,50,1,Q,50,6,DEX,50.05,B,6,--
15:54:00 ET,50,1,Q,50.03,1,Q,50.05,B,6,--
15:54:00 ET,50,500,DEX,50.03,1,Q,50.05,B,6,--
15:54:00 ET,50,20,DEX,50.03,1,Q,50.05,B,6,--
15:54:00 ET,50,100,DEX,50.03,1,Q,50.05,B,6,--
15:54:00 ET,50.03,100,Q,50.03,1,Q,50.05,B,2,--
15:54:00 ET,50.02,200,Z,50.03,1,BYX,50.05,Q,1,--
15:54:00 ET,50.02,100,Z,50.03,1,BYX,50.05,Q,1,--
15:54:00 ET,50.02,200,DEX,50.03,1,BYX,50.06,B,2,--
15:54:00 ET,50.02,200,Q,50.03,1,Z,50.06,B,2,--
15:54:00 ET,50.02,100,Q,50.03,1,Z,50.06,B,2,--
15:54:00 ET,50.02,100,Q,50.03,1,Z,50.06,B,2,--
15:54:00 ET,50.03,100,Q,50.03,1,Z,50.06,B,1,--
15:54:00 ET,50.03,100,Q,50.03,2,Q,50.06,Q,1,--
15:54:00 ET,50.04,100,Q,50.03,2,Q,50.06,Q,1,--
15:53:59 ET,50.06,100,DF,50.05,2,Q,50.06,Q,1,--
15:53:59 ET,50.06,100,DF,50.03,3,B,50.06,Q,2,--
15:53:59 ET,50.06,100,DF,50.03,3,B,50.06,Q,2,--
15:53:59 ET,50.06,1,Q,50.05,1,Q,50.07,Q,3,--
15:53:59 ET,50.06,99,Q,50.06,1,Q,50.07,Q,3,--
15:53:59 ET,50.06,100,Q,50.06,1,Q,50.07,N,1,--
15:53:59 ET,50.06,100,Q,50.05,3,Q,50.07,N,1,--
15:53:59 ET,50.05,100,P,50.05,3,Q,50.06,IX,1,--
15:53:59 ET,50.05,100,Z,50.04,1,Q,50.06,Q,1,--
15:53:59 ET,50.05,100,Z,50.04,1,Q,50.06,Q,2,--
15:53:59 ET,50.04,100,Q,50.03,1,Z,50.06,Q,2,--
15:53:59 ET,50.05,100,Q,50.05,1,Q,50.06,Q,1,--
15:53:59 ET,50.04,100,N,50.05,1,Q,50.06,Q,1,--
15:53:59 ET,50.05,100,Q,50.05,2,Q,50.06,Q,1,--
15:53:59 ET,50.04,100,P,50.05,2,Q,50.06,Q,1,--
15:53:59 ET,50.05,100,Q,50.04,2,Q,50.07,Q,2,--
15:53:53 ET,50.06,100,Q,50.04,3,Q,50.06,Q,1,--
15:53:53 ET,50.05,100,DF,50.04,1,Q,50.06,IX,1,--
15:53:48 ET,50.03,500,B,50.02,3,Q,50.03,Q,1,--
15:53:48 ET,50.03,100,Z,50.02,3,Q,50.03,Q,2,--
15:53:48 ET,50.04,100,IX,50.03,2,Z,50.05,B,5,--
15:53:48 ET,50.04,100,Q,50.04,1,NATL,50.07,Q,1,--
15:53:48 ET,50.05,100,Q,50.04,1,NATL,50.08,B,6,--
15:53:47 ET,50.08,4,DF,50.05,1,Q,50.08,Q,2,--
15:53:46 ET,50.05,50,DF,50.05,1,Q,50.09,Q,2,--
15:53:46 ET,50.08,50,Z,50.05,1,Q,50.09,Q,2,--
15:53:44 ET,50.0699,100,DF,50.07,1,Q,50.08,Z,1,--
15:53:44 ET,50.0699,100,DF,50.07,1,Q,50.08,Z,1,--
15:53:44 ET,50.07,100,Q,50.05,1,Q,50.08,Z,2,--
15:53:44 ET,50.06,100,Q,50.05,1,Q,50.07,Q,1,--
15:53:39 ET,50.0699,500,DF,50.05,1,Q,50.07,Q,1,--
15:53:32 ET,50.08,100,Q,50.07,1,DEX,50.09,Q,2,--
15:53:29 ET,50.08,100,Z,50.07,3,Q,50.1,Q,3,--
15:53:29 ET,50.07,100,Z,50.07,3,Q,50.08,Z,1,--
15:53:29 ET,50.08,100,DEX,50.07,3,Q,50.08,Z,1,--
15:53:29 ET,50.08,100,Q,50.06,5,DEX,50.08,Z,1,--
15:53:29 ET,50.07,100,Q,50.06,5,DEX,50.08,DEX,1,--
15:53:25 ET,50.06,100,Q,50.05,1,Q,50.08,Z,1,--
15:53:21 ET,50.07,1,DF,50.05,1,Q,50.07,Q,1,--
15:53:17 ET,50.06,100,Q,50.05,2,Q,50.06,PH,1,--
15:53:17 ET,50.06,100,Q,50.05,1,Q,50.06,PH,1,--
15:53:17 ET,50.06,100,Q,50.05,1,Q,50.06,Q,2,--
15:53:17 ET,50.055,100,Z,50.05,1,Q,50.06,Q,3,--
15:53:13 ET,50.09,200,DF,50.04,1,Q,50.08,Q,2,--
15:53:13 ET,50.07,99,DEA,50.04,1,Q,50.06,IX,1,--
15:53:13 ET,50.06,100,NATL,50.04,1,Q,50.06,DEX,1,--
15:53:13 ET,50.06,100,DEA,50.04,1,Q,50.06,Z,1,--
15:53:13 ET,50.06,100,NATL,50.04,1,Q,50.06,Z,1,--
15:53:13 ET,50.06,24,Q,50.04,1,Q,50.06,NATL,1,--
15:53:13 ET,50.06,100,Q,50.04,1,Q,50.06,Q,2,--
15:53:13 ET,50.05,100,DEA,50.04,1,Q,50.05,NATL,1,--
15:53:13 ET,50.05,100,Q,50.04,1,Q,50.05,NATL,1,--
15:53:13 ET,50.05,100,BYX,50.04,1,Q,50.05,NATL,1,--
15:53:13 ET,50.05,100,Q,50.02,2,B,50.05,Q,1,--
15:53:12 ET,50.02,100,DEX,50.05,1,DEX,50.09,B,5,--
15:53:12 ET,50.05,102,P,50.06,1,Z,50.09,Q,3,--
15:53:12 ET,50.05,99,P,50.06,1,Z,50.09,Q,3,--
15:53:12 ET,50.05,99,P,50.06,1,Z,50.09,Q,3,--
15:53:12 ET,50.05,1,Z,50.06,1,DEX,50.09,Q,3,--
15:53:12 ET,50.05,99,Z,50.06,1,DEX,50.09,Q,3,--
15:53:12 ET,50.05,14,Q,50.06,1,DEX,50.09,Q,3,--
15:53:12 ET,50.05,286,Q,50.06,1,DEX,50.09,Q,3,--
15:53:12 ET,50.05,100,DEX,50.06,1,DEX,50.09,Q,3,--
15:53:12 ET,50.06,100,DEX,50.06,1,DEX,50.1,B,2,--
15:53:12 ET,50.07,100,Q,50.07,1,Q,50.1,Q,1,--
15:53:12 ET,50.08,100,IX,50.07,1,Q,50.1,Q,1,--
15:53:12 ET,50.08,100,IX,50.08,3,Z,50.1,Q,1,--
15:53:12 ET,50.08,100,Z,50.08,3,Z,50.1,Q,1,--
15:53:12 ET,50.08,200,Z,50.08,3,Z,50.1,Q,1,--
15:53:12 ET,50.08,100,NATL,50.08,3,Z,50.1,Q,1,--
15:53:12 ET,50.06,100,P,50.08,3,Z,50.1,Q,1,--
15:53:12 ET,50.06,200,P,50.08,3,Z,50.1,Q,1,--
15:53:12 ET,50.08,200,N,50.08,3,Z,50.1,Q,1,--
15:53:12 ET,50.08,200,P,50.08,3,Z,50.1,Q,1,--
15:53:12 ET,50.08,200,DEX,50.08,3,Z,50.1,Q,1,--
15:53:12 ET,50.05,400,Q,50.08,3,Z,50.1,Q,1,--
15:53:12 ET,50.06,100,Q,50.08,3,Z,50.1,Q,1,--
15:53:12 ET,50.06,100,DEA,50.08,3,Z,50.1,Q,1,--
15:53:12 ET,50.07,100,DEA,50.08,3,Z,50.1,Q,1,--
15:53:12 ET,50.08,100,DEA,50.08,3,Z,50.1,Q,1,--
15:53:12 ET,50.07,100,BYX,50.08,3,Z,50.1,Q,1,--
15:53:12 ET,50.08,100,BYX,50.08,3,Z,50.1,Q,1,--
15:53:12 ET,50.08,200,Q,50.09,1,Z,50.11,Q,2,--
15:53:12 ET,50.09,100,Q,50.09,1,Z,50.11,Q,2,--
15:53:11 ET,50.11,100,PH,50.09,1,Q,50.11,Q,2,--
15:53:11 ET,50.11,100,B,50.09,1,Q,50.11,Q,2,--
15:53:11 ET,50.1,100,Q,50.09,1,Q,50.11,Q,2,--
15:53:07 ET,50.1299,100,DF,50.1,1,Q,50.13,Q,3,--
15:53:07 ET,50.1062,500,DF,50.1,1,Q,50.13,Q,3,--
15:53:04 ET,50.12,100,Z,50.13,1,N,50.15,Q,2,--
15:53:04 ET,50.115,100,P,50.12,1,Q,50.14,Q,1,--
15:53:04 ET,50.12,99,Z,50.11,5,Q,50.14,Q,1,--
15:53:04 ET,50.12,1,Z,50.11,5,Q,50.14,NATL,1,--
15:53:04 ET,50.12,76,Q,50.11,3,Q,50.12,Z,1,--
15:53:04 ET,50.12,2,Q,50.11,3,Q,50.12,Z,1,--
15:53:04 ET,50.12,22,Q,50.11,3,Q,50.12,Z,1,--
15:52:52 ET,50.11,50,DF,50.1,2,Q,50.12,Q,3,--
15:52:52 ET,50.1097,53,DF,50.1,2,Q,50.12,Q,3,--
15:52:52 ET,50.11,100,Z,50.1,2,Q,50.12,Q,3,--
15:52:52 ET,50.12,100,DEX,50.1,3,Q,50.12,Q,3,--
15:52:52 ET,50.12,100,DEX,50.1,3,Q,50.12,Q,3,--
15:52:51 ET,50.11,100,DF,50.1,1,Q,50.12,Q,3,--
15:52:51 ET,50.12,17,DF,50.1,1,Q,50.12,Q,5,--
15:52:51 ET,50.11,100,Q,50.1,2,Q,50.12,DEX,2,--
15:52:51 ET,50.11,65,Q,50.1,1,Q,50.12,DEX,2,--
15:52:42 ET,50.12,100,DF,50.11,2,Q,50.12,DEX,1,--
15:52:40 ET,50.12,100,P,50.11,5,Q,50.13,Q,1,--
15:52:40 ET,50.12,67,DEX,50.11,4,Q,50.13,Q,1,--
15:52:40 ET,50.12,2,Q,50.11,3,Q,50.13,Q,1,--
15:52:40 ET,50.12,33,Q,50.11,3,Q,50.13,Q,1,--
15:52:39 ET,50.1161,33,DF,50.11,3,Q,50.12,Q,1,--
15:52:39 ET,50.12,33,DEX,50.11,3,Q,50.12,Q,1,--
15:52:35 ET,50.115,100,DF,50.09,1,Z,50.12,N,2,--
15:52:27 ET,50.11,100,DEX,50.11,1,DEX,50.14,Q,3,--
15:52:25 ET,50.1286,500,DF,50.11,2,Q,50.14,Q,2,--
15:52:25 ET,50.12,85,DF,50.11,2,Q,50.14,Q,2,--
15:52:25 ET,50.13,12,P,50.11,2,Q,50.14,Q,2,--
15:52:25 ET,50.13,85,P,50.11,2,Q,50.14,Q,2,--
15:52:25 ET,50.13,9,Q,50.11,2,Q,50.13,P,1,--
15:52:25 ET,50.12,15,Q,50.11,1,Q,50.13,P,1,--
15:52:14 ET,50.13,100,DEA,50.1,2,Z,50.13,Q,2,--
15:52:14 ET,50.13,100,DF,50.1,2,Z,50.13,Q,2,--
15:52:09 ET,50.1206,250,DF,50.11,1,DEX,50.13,Q,2,--
15:52:07 ET,50.13,905,DF,50.11,1,DEX,50.13,Q,2,--
15:52:07 ET,50.13,100,Q,50.12,1,Q,50.14,Q,3,--
15:52:07 ET,50.12,100,P,50.11,1,DEX,50.13,Q,1,--
15:52:07 ET,50.11,95,Z,50.1,2,Q,50.13,Q,2,--
15:52:06 ET,50.11,5,Z,50.1,2,Q,50.13,Q,1,--
15:52:06 ET,50.105,100,Z,50.1,2,Q,50.11,Z,1,--
15:52:05 ET,50.1,100,Q,50.1,1,Q,50.11,Q,1,--
15:52:04 ET,50.09,500,DF,50.09,2,Q,50.11,Q,1,--
15:52:03 ET,50.09,100,Q,50.08,3,Q,50.11,Q,2,--
15:52:02 ET,50.085,100,Z,50.07,3,Q,50.1,Q,1,--
15:52:01 ET,50.07,100,DF,50.07,2,Z,50.1,Q,1,--
15:52:01 ET,50.085,100,Q,50.07,2,Z,50.1,Q,1,--
15:52:00 ET,50.08,2,Q,50.07,1,NATL,50.11,Q,1,--
15:52:00 ET,50.09,100,Q,50.09,2,Q,50.12,BYX,5,--
15:52:00 ET,50.08,100,P,50.09,2,Q,50.12,Q,2,--
15:52:00 ET,50.08,200,P,50.09,2,Q,50.12,Q,2,--
15:52:00 ET,50.08,100,P,50.09,2,Q,50.12,Q,2,--
15:52:00 ET,50.1,100,Q,50.11,1,DEX,50.12,P,1,--
15:51:59 ET,50.09,1,Z,50.07,1,Q,50.11,Q,2,--
15:51:59 ET,50.09,100,DEX,50.07,1,Q,50.09,DEX,1,--
15:51:59 ET,50.09,99,Z,50.07,1,Q,50.09,DEX,1,--
15:51:59 ET,50.08,100,Z,50.07,1,Q,50.09,Z,1,--
15:51:58 ET,50.077,15,DF,50.07,1,Q,50.09,DEX,1,--
15:51:57 ET,50.0899,240,DF,50.07,1,Q,50.09,DEX,1,--
15:51:52 ET,50.0706,100,DF,50.07,1,Q,50.09,Q,2,--
15:51:44 ET,50.08,100,Q,50.07,1,Q,50.09,Q,1,--
15:51:44 ET,50.08,100,Z,50.07,1,Q,50.09,Q,1,--
15:51:44 ET,50.0776,134,DF,50.07,1,Q,50.09,Q,1,--
15:51:36 ET,50.11,100,Q,50.1,1,Q,50.12,Q,1,--
15:51:33 ET,50.1,30,Q,50.09,1,Z,50.12,Q,1,--
15:51:29 ET,50.1257,1000,DF,50.11,1,DEX,50.13,Q,2,--
15:51:29 ET,50.123,500,DF,50.11,1,DEX,50.13,Q,3,--
15:51:25 ET,50.12,100,Q,50.11,3,Q,50.14,Q,1,--
15:51:25 ET,50.125,100,Z,50.13,1,Q,50.14,Q,1,--
15:51:25 ET,50.14,100,B,50.11,2,Q,50.14,PH,1,--
15:51:25 ET,50.14,100,Q,50.11,2,Q,50.14,PH,1,--
15:51:25 ET,50.14,100,Q,50.11,2,Q,50.14,PH,1,--
15:51:23 ET,50.1332,1,DF,50.11,2,Q,50.14,Q,2,--
15:51:19 ET,50.14,100,DEX,50.12,2,P,50.15,Q,4,--
15:51:19 ET,50.14,100,Q,50.12,2,P,50.14,DEX,1,--
15:51:19 ET,50.13,100,Q,50.12,2,P,50.14,DEX,1,--
15:51:16 ET,50.124,1000,DF,50.11,2,Q,50.15,Q,5,--
15:51:11 ET,50.1202,100,DF,50.11,2,Q,50.15,Q,5,--
15:51:06 ET,50.12,7,Q,50.11,2,Q,50.15,Q,5,--
15:51:06 ET,50.14,100,P,50.13,1,Q,50.14,P,1,--
15:51:06 ET,50.14,100,Q,50.13,1,Q,50.14,P,1,--
15:51:06 ET,50.14,100,Q,50.12,1,Q,50.14,P,1,--
15:51:01 ET,50.13,100,Q,50.13,1,Q,50.14,Q,4,--
15:51:01 ET,50.13,100,Q,50.13,2,Q,50.14,Q,2,--
15:50:58 ET,50.13,100,IX,50.13,3,Q,50.15,Q,4,--
15:50:58 ET,50.14,100,Q,50.13,1,Q,50.15,Q,4,--
15:50:58 ET,50.14,100,Q,50.13,1,Q,50.14,Q,1,--
15:50:57 ET,50.13,100,Q,50.13,1,Q,50.14,Q,2,--
15:50:52 ET,50.14,100,Q,50.13,3,Q,50.14,Q,1,--
15:50:51 ET,50.14,100,Q,50.13,2,Q,50.15,Q,4,--
15:50:50 ET,50.14,100,Q,50.13,2,Q,50.15,Q,4,--
15:50:46 ET,50.13,400,P,50.12,3,Q,50.13,P,4,--
15:50:46 ET,50.13,400,DEX,50.12,2,Q,50.13,P,4,--
15:50:46 ET,50.13,400,Z,50.12,2,Q,50.13,Z,4,--
15:50:46 ET,50.12,100,Z,50.12,2,Q,50.13,Z,4,--
15:50:46 ET,50.13,300,Q,50.12,2,Q,50.13,Z,4,--
15:50:43 ET,50.12,100,Q,50.11,2,Q,50.13,Q,1,--
15:50:35 ET,50.12,100,Q,50.11,3,Q,50.13,P,1,--
15:50:35 ET,50.12,100,Q,50.11,2,Q,50.13,P,1,--
15:50:35 ET,50.12,100,Q,50.11,1,Q,50.13,P,1,--
15:50:35 ET,50.12,100,Q,50.11,1,Q,50.12,Q,1,--
15:50:35 ET,50.12,100,Q,50.11,1,Q,50.12,Q,4,--
15:50:32 ET,50.11,100,P,50.1,1,Q,50.12,Q,3,--
15:50:32 ET,50.11,100,Z,50.1,1,Q,50.12,Q,3,--
15:50:32 ET,50.11,100,Q,50.1,1,Q,50.12,Q,3,--
15:50:30 ET,50.11,100,Q,50.09,3,Q,50.11,Q,1,--
15:50:30 ET,50.1,100,Q,50.09,3,Q,50.11,Q,1,--
15:50:28 ET,50.08,100,DF,50.08,3,Q,50.1,B,5,--
15:50:28 ET,50.08,100,DF,50.08,1,Q,50.09,DEX,1,--
15:50:28 ET,50.08,100,DF,50.08,1,Q,50.09,DEX,1,--
15:50:15 ET,50.13,100,Q,50.09,1,IX,50.14,Q,3,--
15:50:13 ET,50.11,100,Q,50.09,2,Q,50.13,Q,2,--
15:50:10 ET,50.13,100,Q,50.11,1,DEX,50.14,Q,2,--
15:50:08 ET,50.11,100,DEX,50.09,1,IX,50.11,DEX,1,--
15:50:00 ET,50.11,100,DF,50.06,3,B,50.14,PH,5,--
15:50:00 ET,50.075,100,Q,50.04,5,DEX,50.14,Q,5,--
15:50:00 ET,50.11,100,Z,50.04,5,DEX,50.14,Q,5,--
15:50:00 ET,50.14,401,DEX,50.04,5,DEX,50.14,Q,5,--
15:50:00 ET,50.075,100,P,50.04,5,Z,50.11,Z,5,--
15:50:00 ET,50.11,94,Z,50.04,5,Z,50.11,Z,6,--
15:50:00 ET,50.075,100,Z,50.04,5,Z,50.11,Z,6,--
15:50:00 ET,50.11,6,Z,50.04,5,Z,50.11,Z,6,--
15:50:00 ET,50.11,150,DEA,50.04,5,Z,50.11,Z,6,--
15:50:00 ET,50.11,100,B,50.04,5,Z,50.11,Z,6,--
15:49:59 ET,50.0816,31,DF,50.06,4,Z,50.11,Z,1,--
15:49:56 ET,50.085,100,Z,50.06,6,Q,50.11,Z,1,--
15:49:54 ET,50.1,500,DF,50.05,3,BYX,50.11,Z,2,--
15:49:54 ET,50.1,500,DF,50.05,3,BYX,50.1,Q,1,--
15:49:54 ET,50.0642,100,DF,50.05,3,Z,50.11,Q,2,--
15:49:54 ET,50.11,100,DF,50.04,4,P,50.11,Z,8,--
15:49:54 ET,50.11,100,Q,50.11,1,Q,50.11,Z,1,--
15:49:54 ET,50.12,200,P,50.12,2,P,50.13,Q,3,--
15:49:54 ET,50.13,200,P,50.13,2,P,50.14,Q,2,--
15:49:54 ET,50.14,100,Q,50.14,1,Q,50.15,B,2,--
15:49:54 ET,50.14,300,P,50.14,3,P,50.17,B,7,--
15:49:54 ET,50.14,100,N,50.14,3,P,50.17,B,7,--
15:49:54 ET,50.15,300,P,50.15,3,P,50.17,B,7,--
15:49:54 ET,50.16,100,NATL,50.15,3,P,50.17,B,7,--
15:49:54 ET,50.16,61,Q,50.16,1,NATL,50.19,Q,9,--
15:49:54 ET,50.16,39,Q,50.16,1,NATL,50.19,Q,9,--
15:49:54 ET,50.15,200,DEX,50.16,1,NATL,50.19,Q,8,--
15:49:54 ET,50.13,100,B,50.16,1,NATL,50.19,Q,7,--
15:49:54 ET,50.15,100,Z,50.16,1,DEA,50.19,Q,7,--
15:49:54 ET,50.16,100,DEA,50.16,1,DEA,50.19,Q,7,--
15:49:54 ET,50.15,300,DEX,50.16,1,DEA,50.19,Q,7,--
15:49:54 ET,50.15,100,Z,50.16,1,DEA,50.19,Q,7,--
15:49:54 ET,50.15,100,Z,50.16,1,DEA,50.19,Q,2,--
15:49:54 ET,50.16,100,BYX,50.16,1,DEA,50.19,Q,2,--
15:49:54 ET,50.16,100,Q,50.16,1,BYX,50.2,Q,1,--
15:49:54 ET,50.17,100,Q,50.16,1,BYX,50.2,Q,1,--
15:49:54 ET,50.17,100,Q,50.16,1,BYX,50.2,Q,1,--
15:49:53 ET,50.2,300,DF,50.17,2,Q,50.2,Q,1,--
15:49:53 ET,50.19,49,DF,50.17,1,Q,50.2,N,1,--
15:49:53 ET,50.19,1,DEX,50.18,2,P,50.19,DEX,1,--
15:49:53 ET,50.19,100,Q,50.18,5,P,50.2,Q,1,--
15:49:53 ET,50.19,300,P,50.19,3,P,50.2,Q,1,--
15:49:53 ET,50.19,1,Q,50.19,4,P,50.21,Q,1,--
15:49:51 ET,50.22,100,Q,50.21,1,Z,50.23,Q,2,--
15:49:49 ET,50.22,100,Q,50.2,1,Q,50.22,Q,1,--
15:49:49 ET,50.22,100,Q,50.2,1,Q,50.22,Q,1,--
15:49:49 ET,50.21,100,Q,50.2,2,Q,50.22,Q,3,--
15:49:49 ET,50.22,101,Z,50.22,2,Z,50.23,Q,2,--
15:49:49 ET,50.22,99,Z,50.22,2,Z,50.23,Q,2,--
15:49:49 ET,50.22,89,Q,50.22,2,Z,50.23,Q,2,--
15:49:48 ET,50.22,11,Q,50.22,2,Z,50.23,Q,1,--
15:49:48 ET,50.22,100,Q,50.22,2,Z,50.23,Q,1,--
15:49:48 ET,50.22,200,DEX,50.21,1,Q,50.22,IX,1,--
15:49:48 ET,50.22,100,DEX,50.21,1,DEX,50.22,DEX,2,--
15:49:48 ET,50.22,100,P,50.21,1,DEX,50.22,DEX,2,--
15:49:48 ET,50.22,100,P,50.21,1,DEX,50.22,DEX,3,--
15:49:48 ET,50.22,100,P,50.21,1,DEX,50.22,DEX,3,--
15:49:48 ET,50.22,200,DF,50.21,1,DEX,50.22,DEX,3,--
15:49:48 ET,50.22,100,DF,50.21,1,DEX,50.22,DEX,3,--
15:49:48 ET,50.22,100,P,50.22,1,N,50.23,Q,3,--
15:49:48 ET,50.22,98,Z,50.22,1,N,50.23,Q,3,--
15:49:48 ET,50.22,1,Z,50.22,1,N,50.23,Q,3,--
15:49:48 ET,50.22,1,Z,50.22,1,N,50.23,Q,3,--
15:49:48 ET,50.22,100,A,50.22,1,N,50.23,Q,3,--
15:49:48 ET,50.22,89,Q,50.22,1,A,50.23,Q,3,--
15:49:48 ET,50.22,11,Q,50.22,1,A,50.23,Q,2,--
15:49:48 ET,50.22,36,PH,50.22,1,A,50.23,Q,2,--
15:49:48 ET,50.22,100,DEX,50.22,1,A,50.23,Q,2,--
15:49:48 ET,50.22,11,PH,50.22,2,N,50.23,Q,2,--
15:49:48 ET,50.22,53,PH,50.22,2,N,50.23,Q,2,--
15:49:48 ET,50.22,100,BYX,50.22,2,N,50.23,Q,2,--
15:49:48 ET,50.22,58,NATL,50.22,2,N,50.23,Q,2,--
15:49:48 ET,50.22,100,DEA,50.22,2,N,50.23,Q,2,--
15:49:48 ET,50.22,100,B,50.22,2,PH,50.23,Q,2,--
15:49:47 ET,50.22,42,NATL,50.22,2,A,50.23,Q,2,--
15:49:47 ET,50.22,100,DEA,50.22,2,A,50.23,Q,2,--
15:49:47 ET,50.22,100,DEA,50.22,2,A,50.23,Q,2,--
15:49:47 ET,50.22,100,B,50.22,3,Q,50.23,Q,2,--
15:49:47 ET,50.23,100,Q,50.22,4,Q,50.24,Q,2,--
15:49:47 ET,50.23,100,PH,50.23,1,Q,50.24,Q,2,--
15:49:46 ET,50.23,100,B,50.23,1,PH,50.24,Q,2,--
15:49:46 ET,50.23,100,B,50.23,1,PH,50.24,Q,2,--
15:49:46 ET,50.23,100,B,50.23,2,Q,50.24,Q,2,--
15:49:46 ET,50.23,98,Z,50.23,1,Q,50.24,Q,2,--
15:49:46 ET,50.23,1,Z,50.22,4,Q,50.24,Q,2,--
15:49:46 ET,50.23,1,Z,50.22,4,Q,50.23,Q,1,--
15:49:46 ET,50.23,1,DEA,50.23,1,Z,50.24,Q,2,--
15:49:46 ET,50.23,10,Q,50.23,1,Z,50.24,Q,2,--
15:49:46 ET,50.23,10,Q,50.23,1,Z,50.24,Q,2,--
15:49:46 ET,50.23,99,DEA,50.23,1,Z,50.24,Q,2,--
15:49:46 ET,50.23,100,BYX,50.23,1,Z,50.24,Q,2,--
15:49:46 ET,50.24,10,DEA,50.23,1,IX,50.24,Q,2,--
15:49:46 ET,50.24,10,BYX,50.23,1,IX,50.24,Q,2,--
15:49:46 ET,50.23,100,Q,50.23,1,N,50.24,Q,2,--
15:49:46 ET,50.23,100,PH,50.23,1,N,50.24,Q,2,--
15:49:46 ET,50.23,100,B,50.23,2,Q,50.24,Q,1,--
15:49:46 ET,50.24,100,B,50.23,2,Q,50.24,Q,1,--
15:49:46 ET,50.23,100,Q,50.23,1,Q,50.24,Q,1,--
15:49:43 ET,50.2363,200,DF,50.23,1,Q,50.26,Q,16,--
15:49:43 ET,50.23,200,DF,50.23,1,Q,50.26,Q,16,--
15:49:41 ET,50.237,250,DF,50.23,1,Q,50.25,Q,1,--
15:49:39 ET,50.2401,30,DF,50.23,1,Q,50.26,Q,16,--
15:49:37 ET,50.2399,350,DF,50.23,1,Q,50.24,Q,1,--
15:49:35 ET,50.23,100,IX,50.23,1,IX,50.25,Q,1,--
15:49:32 ET,50.26,100,Q,50.24,1,IX,50.26,Q,1,--
15:49:32 ET,50.25,100,Q,50.24,1,IX,50.26,Q,1,--
15:49:30 ET,50.2445,25,DF,50.24,1,IX,50.26,Q,1,--
15:49:25 ET,50.25,100,Q,50.24,1,IX,50.27,Q,2,--
15:49:25 ET,50.25,15,Q,50.24,1,IX,50.25,Q,1,--
15:49:25 ET,50.25,100,Q,50.24,1,Q,50.26,Q,1,--
15:49:15 ET,50.2401,2,DF,50.24,2,Q,50.27,Q,2,--
15:49:15 ET,50.255,20,DF,50.24,2,Q,50.27,Q,2,--
15:49:13 ET,50.255,100,Z,50.26,2,Q,50.28,Q,2,--
15:49:13 ET,50.27,100,Q,50.24,3,Q,50.28,Q,2,--
15:49:13 ET,50.2459,200,DF,50.24,3,Q,50.27,Q,1,--
15:49:13 ET,50.27,100,DF,50.24,3,Q,50.27,Q,1,--
15:49:13 ET,50.27,100,Q,50.24,1,IX,50.27,Q,1,--
15:49:13 ET,50.255,100,Q,50.24,1,IX,50.27,Q,1,--
15:49:13 ET,50.255,5,DF,50.24,1,IX,50.27,Q,2,--
15:49:11 ET,50.2667,100,DF,50.24,1,IX,50.27,Q,2,--
15:49:07 ET,50.255,100,Q,50.24,1,IX,50.27,Q,1,--
15:49:02 ET,50.265,1100,DF,50.26,2,Q,50.27,Q,1,--
15:49:01 ET,50.2682,500,DF,50.26,2,Q,50.27,Q,1,--
15:49:00 ET,50.27,500,DEX,50.25,1,Q,50.27,Q,1,--
15:49:00 ET,50.27,100,Q,50.24,3,Z,50.27,DEX,5,--
15:49:00 ET,50.255,100,Q,50.24,3,Z,50.27,DEX,5,--
15:48:56 ET,50.2577,500,DF,50.23,1,PH,50.27,DEX,5,--
15:48:55 ET,50.25,100,NATL,50.25,1,NATL,50.27,DEX,5,--
15:48:55 ET,50.26,100,Q,50.26,3,P,50.27,DEX,5,--
15:48:55 ET,50.26,100,Q,50.26,3,P,50.27,DEX,5,--
15:48:55 ET,50.26,100,Q,50.26,3,P,50.27,DEX,5,--
15:48:50 ET,50.26,75,DEX,50.25,3,Q,50.27,DEX,5,--
15:48:47 ET,50.2502,300,DF,50.25,1,Q,50.27,DEX,5,--
15:48:47 ET,50.26,200,DF,50.25,1,Q,50.27,DEX,5,--
15:48:46 ET,50.26,1,DEX,50.25,5,Q,50.27,DEX,5,--
15:48:46 ET,50.26,1,DEX,50.25,5,Q,50.27,DEX,5,--
15:48:46 ET,50.26,55,Q,50.25,2,Q,50.27,DEX,5,--
15:48:46 ET,50.26,23,DEX,50.25,2,Q,50.27,DEX,5,--
15:48:46 ET,50.26,45,Q,50.25,3,Q,50.26,DEX,1,--
15:48:46 ET,50.255,100,Q,50.25,3,Q,50.26,DEX,1,--
15:48:41 ET,50.25,10,DF,50.24,1,Q,50.26,Q,1,--
15:48:35 ET,50.2495,100,DF,50.23,4,Q,50.26,Q,2,--
15:48:33 ET,50.23,1,DF,50.23,4,Q,50.26,Q,2,--
15:48:33 ET,50.25,100,Q,50.23,4,Q,50.26,Q,2,--
15:48:32 ET,50.2399,100,DF,50.23,4,Q,50.25,Q,1,--
15:48:32 ET,50.235,100,DF,50.23,4,Q,50.25,Q,1,--
15:48:32 ET,50.24,100,DF,50.24,2,P,50.25,Q,1,--
15:48:32 ET,50.235,100,DF,50.24,3,Z,50.25,Q,2,--
15:48:32 ET,50.24,172,DEX,50.23,6,Q,50.26,Q,2,--
15:48:32 ET,50.235,100,DF,50.23,6,Q,50.26,Q,2,--
15:48:32 ET,50.24,100,Q,50.23,3,Q,50.24,DEX,1,--
15:48:32 ET,50.24,100,DF,50.23,3,Q,50.24,DEX,1,--
15:48:32 ET,50.235,100,DF,50.23,3,Q,50.24,DEX,1,--
15:48:32 ET,50.24,100,DF,50.23,3,Q,50.24,DEX,1,--
15:48:32 ET,50.239,100,BYX,50.23,3,Q,50.24,DEX,1,--
15:48:32 ET,50.2323,100,DF,50.23,3,Q,50.24,DEX,1,--
15:48:28 ET,50.2,100,Z,50.19,3,Q,50.2,DEX,20,--
15:48:28 ET,50.2,8,Z,50.19,3,Q,50.2,DEX,20,--
15:48:28 ET,50.2,2000,DEX,50.19,3,Q,50.2,DEX,20,--
15:48:28 ET,50.19,100,DEX,50.18,4,Q,50.19,Z,1,--
15:48:27 ET,50.1975,20,DF,50.19,1,Q,50.2,DEX,20,--
15:48:24 ET,50.19,100,Q,50.18,3,Q,50.2,DEX,20,--
15:48:24 ET,50.185,100,Q,50.18,1,N,50.19,Q,1,--
15:48:23 ET,50.19,100,DF,50.19,1,Q,50.2,DEX,20,--
15:48:23 ET,50.19,100,DEX,50.18,1,Q,50.19,Q,1,--
15:48:23 ET,50.19,100,DEX,50.18,1,Q,50.19,Q,1,--
15:48:23 ET,50.19,100,Z,50.18,1,Q,50.19,DEX,2,--
15:48:23 ET,50.19,100,Z,50.18,1,Q,50.19,DEX,2,--
15:48:23 ET,50.185,100,Z,50.18,1,Q,50.19,Z,2,--
15:48:23 ET,50.19,1,Q,50.18,1,Q,50.19,Z,2,--
15:48:23 ET,50.185,10,DF,50.18,1,Q,50.19,Q,2,--
15:48:22 ET,50.18,100,Q,50.17,3,Q,50.19,Q,3,--
15:48:22 ET,50.18,100,Q,50.18,1,Q,50.19,Q,2,--
15:48:21 ET,50.1953,160,DF,50.18,3,Z,50.2,DEX,20,--
15:48:21 ET,50.2,50,DF,50.18,3,Z,50.2,DEX,20,--
15:48:21 ET,50.1955,50,DF,50.18,3,Z,50.2,DEX,20,--
15:48:19 ET,50.19,1,DEX,50.19,1,DEX,50.2,DEX,20,--
15:48:19 ET,50.19,1,Z,50.19,1,DEX,50.2,DEX,20,--
15:48:19 ET,50.19,100,Q,50.19,1,Q,50.2,DEX,20,--
15:48:19 ET,50.181,100,BYX,50.18,3,Q,50.19,Q,1,--
15:48:18 ET,50.2,100,P,50.19,1,P,50.2,DEX,20,--
15:48:18 ET,50.2,1,Q,50.19,2,P,50.2,DEX,20,--
15:48:13 ET,50.18,10,DF,50.18,2,Q,50.2,DEX,20,--
15:48:12 ET,50.176,200,DF,50.17,5,Q,50.2,DEX,20,--
15:48:09 ET,50.18,100,Q,50.17,4,Q,50.19,Q,1,--
15:48:06 ET,50.18,100,Q,50.17,3,Q,50.19,Q,2,--
15:48:06 ET,50.18,100,Q,50.17,3,Q,50.19,Q,2,--
15:48:06 ET,50.18,100,Q,50.17,3,Q,50.18,Q,1,--
15:48:06 ET,50.18,100,Q,50.17,1,Q,50.18,Q,1,--
15:48:06 ET,50.18,700,Q,50.17,1,Q,50.19,Q,2,--
15:48:06 ET,50.18,100,Q,50.17,1,Q,50.19,Q,1,--
15:48:05 ET,50.19,67,Q,50.18,9,Q,50.2,DEX,20,--
15:48:02 ET,50.19,1,Q,50.17,2,Q,50.19,Q,1,--
15:48:02 ET,50.18,100,Q,50.17,2,Q,50.19,Q,2,--
15:48:01 ET,50.18,100,Q,50.17,5,Q,50.18,Q,1,--
15:48:00 ET,50.18,100,Q,50.17,4,Q,50.19,Q,2,--
15:47:57 ET,50.18,100,Q,50.17,2,P,50.19,DEX,1,--
15:47:57 ET,50.18,100,Q,50.17,2,P,50.19,DEX,1,--
15:47:57 ET,50.18,100,DF,50.17,2,P,50.18,Q,2,--
15:47:57 ET,50.18,100,DF,50.17,2,P,50.18,Q,2,--
15:47:57 ET,50.18,300,DF,50.17,2,P,50.18,Q,2,--
15:47:57 ET,50.18,100,Q,50.17,2,P,50.18,Q,1,--
15:47:56 ET,50.16,100,DF,50.17,2,Z,50.19,Q,1,--
15:47:55 ET,50.16,100,DF,50.17,4,Z,50.2,DEX,20,--
15:47:55 ET,50.16,100,DF,50.17,4,Z,50.2,DEX,20,--
15:47:55 ET,50.19,2,Q,50.16,7,Q,50.19,Z,2,--
15:47:55 ET,50.18,100,Q,50.16,7,Q,50.19,Z,2,--
15:47:55 ET,50.16,100,DF,50.16,8,Q,50.18,Q,1,--
15:47:55 ET,50.16,100,DF,50.16,7,Q,50.19,Q,2,--
15:47:55 ET,50.16,100,DF,50.16,9,Q,50.2,DEX,20,--
15:47:55 ET,50.16,100,DF,50.16,9,Q,50.2,DEX,20,--
15:47:55 ET,50.16,200,DF,50.16,9,Q,50.2,DEX,20,--
15:47:55 ET,50.16,100,DF,50.16,9,Q,50.2,DEX,20,--
15:47:55 ET,50.16,1,DF,50.16,11,Q,50.2,DEX,20,--
15:47:52 ET,50.165,100,Q,50.14,9,Q,50.19,Q,1,--
15:47:49 ET,50.15,200,DF,50.14,1,IX,50.17,Q,1,--
15:47:49 ET,50.15,200,DF,50.14,1,IX,50.17,Q,1,--
15:47:49 ET,50.15,200,DF,50.13,1,N,50.16,Q,1,--
15:47:49 ET,50.14,100,Q,50.11,4,Q,50.15,Q,2,--
15:47:49 ET,50.12,100,NATL,50.09,1,Q,50.1,Q,1,--
15:47:49 ET,50.11,100,NATL,50.09,1,Q,50.1,Q,1,--
15:47:49 ET,50.12,100,BYX,50.09,1,Q,50.1,DEX,5,--
15:47:49 ET,50.13,100,DEA,50.09,1,Q,50.1,DEX,5,--
15:47:49 ET,50.1,500,DEX,50.09,1,Q,50.1,DEX,5,--
15:47:49 ET,50.11,100,DEA,50.09,1,Q,50.1,DEX,5,--
15:47:49 ET,50.09,1,Z,50.09,1,Q,50.09,Z,1,--
15:47:49 ET,50.09,99,Z,50.09,1,Q,50.09,Z,1,--
15:47:49 ET,50.085,100,Z,50.09,1,Q,50.09,Z,1,--
15:47:49 ET,50.085,100,Q,50.08,4,Q,50.09,Z,1,--
15:47:49 ET,50.085,100,Q,50.08,4,Q,50.09,Z,1,--
15:47:49 ET,50.09,2,Q,50.08,4,Q,50.09,Z,1,--
15:47:49 ET,50.085,100,Q,50.08,4,Q,50.09,Z,1,--
15:47:40 ET,50.0802,500,DF,50.08,3,Q,50.09,Q,1,--
15:47:40 ET,50.0832,500,DF,50.08,3,Q,50.09,Q,1,--
15:47:40 ET,50.0832,500,DF,50.08,3,Q,50.09,Q,1,--
15:47:36 ET,50.09,100,IX,50.09,1,IX,50.09,Q,1,--
15:47:36 ET,50.07,59,Z,50.07,1,Q,50.1,DEX,5,--
15:47:36 ET,50.07,1,Z,50.07,1,Q,50.1,DEX,5,--
15:47:36 ET,50.07,1,Z,50.07,1,Q,50.1,DEX,5,--
15:47:36 ET,50.07,97,Q,50.06,4,Q,50.1,DEX,5,--
15:47:36 ET,50.07,1,Z,50.06,3,Q,50.09,BYX,1,--
15:47:36 ET,50.07,38,Z,50.06,3,Q,50.09,BYX,1,--
15:47:36 ET,50.07,3,Q,50.06,3,Q,50.07,Z,1,--
15:47:36 ET,50.065,100,Q,50.06,3,Q,50.07,Z,1,--
15:47:34 ET,50.06,69,DF,50.06,2,Q,50.07,Z,1,--
15:47:32 ET,50.06,100,Z,50.06,2,Q,50.07,Q,2,--
15:47:32 ET,50.045,100,P,50.06,2,Q,50.07,Q,1,--
15:47:32 ET,50.06,98,DEX,50.05,3,Q,50.06,DEX,1,--
15:47:32 ET,50.06,2,DEX,50.05,3,Q,50.06,DEX,1,--
15:47:32 ET,50.045,100,Q,50.04,1,PH,50.06,DEX,1,--
15:47:32 ET,50.06,4,Q,50.03,4,B,50.06,DEX,1,--
15:47:32 ET,50.06,96,Q,50.03,4,Q,50.06,Q,1,--
15:47:25 ET,50.0301,20,DF,50.03,2,Q,50.07,Q,1,--
15:47:21 ET,50.03,10,DF,50.03,1,N,50.07,Q,1,--
15:47:16 ET,50.032,5,DF,50.03,2,P,50.06,Q,1,--
15:47:16 ET,50.0419,2,DF,50.03,2,Z,50.05,Q,1,--
15:47:16 ET,50.04,98,Q,50.03,2,Q,50.06,Q,2,--
15:47:16 ET,50.04,2,Q,50.03,1,IX,50.06,Q,2,--
15:47:09 ET,50.06,100,DEX,50.06,1,DEX,50.08,Q,3,--
15:47:09 ET,50.05,25,DEX,50.05,1,Q,50.06,Q,1,--
15:47:09 ET,50.05,100,Q,50.03,1,N,50.06,Q,1,--
15:47:09 ET,50.05,100,Q,50.03,1,N,50.06,Q,1,--
15:47:09 ET,50.05,7,Q,50.03,1,N,50.05,Q,1,--
15:47:09 ET,50.05,93,Q,50.03,1,N,50.05,Q,2,--
15:47:09 ET,50.05,20,Q,50.03,1,N,50.05,Q,2,--
15:47:09 ET,50.05,25,Q,50.03,1,N,50.05,Q,3,--
15:47:09 ET,50.015,100,P,50.02,2,Z,50.05,Q,2,--
15:47:09 ET,50.04,100,DEX,50.02,2,Z,50.04,DEX,1,--
15:47:09 ET,50.015,100,Z,50.02,1,Q,50.04,DEX,1,--
15:47:09 ET,50.04,57,Q,50.02,1,Q,50.04,DEX,1,--
15:47:09 ET,50.04,8,Q,49.99,6,Q,50.04,DEX,1,--
15:47:09 ET,50.04,35,Q,49.99,6,Q,50.04,DEX,1,--
15:47:04 ET,50,100,Z,50.01,1,Q,50.03,Q,1,--
15:47:04 ET,50,100,Q,50,1,Q,50.04,BYX,1,--
15:47:04 ET,50,200,DEX,50,1,Q,50,DEX,2,--
15:47:04 ET,50,89,DEX,49.99,4,Q,50,DEX,2,--
15:47:01 ET,50,11,DEX,49.99,1,Q,50,DEX,2,--
15:47:01 ET,50,96,DEX,49.99,1,Q,50,DEX,2,--
15:47:01 ET,50,4,DEX,49.99,1,Q,50,DEX,4,--
15:47:01 ET,50,100,BYX,49.99,1,Q,50,DEX,4,--
15:47:01 ET,49.98,15,DF,49.98,1,B,50,DEX,4,--
15:47:00 ET,49.995,100,DF,49.98,2,Q,50,DEX,4,--
15:46:55 ET,49.98,6,DF,49.98,3,Q,50,DEX,4,--
15:46:55 ET,49.98,2,DF,49.98,3,Q,50,DEX,4,--
15:46:53 ET,49.97,4,DF,49.97,1,Q,50,DEX,2,--
15:46:49 ET,49.97,4,DF,49.97,1,Q,50,DEX,2,--
15:46:48 ET,49.9805,525,DF,49.97,1,Q,50,DEX,2,--
15:46:45 ET,49.98,100,DF,49.98,1,N,50,DEX,1,--
15:46:42 ET,49.985,600,DF,49.97,1,Q,50,DEX,2,--
15:46:41 ET,49.9752,50,DF,49.97,1,Q,50,DEX,2,--
15:46:36 ET,49.97,20,DF,49.97,1,Q,50,BYX,1,--
15:46:36 ET,49.9738,79,DF,49.97,1,Q,50,BYX,1,--
15:46:35 ET,49.9738,2,DF,49.97,1,Q,50,BYX,1,--
15:46:22 ET,49.98,15,Q,49.97,1,Q,50.02,B,2,--
15:46:18 ET,49.994,300,DF,49.98,1,N,50.02,Q,1,--
15:46:14 ET,49.99,52,B,49.96,1,DEX,49.99,B,1,--
15:46:14 ET,49.98,100,Q,49.95,27,DEX,49.99,B,1,--
15:46:14 ET,49.98,100,Q,49.95,27,DEX,49.99,B,1,--
15:46:14 ET,49.98,15,PH,49.95,27,DEX,49.98,Q,2,--
15:46:14 ET,49.98,100,BYX,49.95,27,DEX,49.98,Q,2,--
15:46:14 ET,49.96,20,Q,49.95,27,DEX,49.99,Q,2,--
15:46:14 ET,49.96,36,Q,49.95,27,DEX,49.99,PH,1,--
15:46:14 ET,49.96,64,Q,49.97,2,Q,49.98,B,1,--
15:46:14 ET,49.97,100,Q,49.97,2,Q,50,BYX,3,--
15:46:14 ET,49.97,100,Q,49.97,2,Q,50,BYX,3,--
15:46:14 ET,49.96,200,P,49.98,1,N,50,Q,1,--
15:46:14 ET,49.98,100,Q,49.98,1,N,50.02,BYX,1,--
15:46:14 ET,49.98,100,Q,49.98,2,Q,50.02,BYX,1,--
15:46:14 ET,49.98,100,Q,49.98,3,Q,50.02,BYX,1,--
15:46:13 ET,49.989,2,DF,49.98,3,Q,50.02,BYX,1,--
15:46:11 ET,50,81,DEX,49.99,1,Q,50.03,BYX,6,--
15:46:11 ET,50,17,DEX,49.99,1,Q,50.03,BYX,6,--
15:46:11 ET,50,1,DEX,50,1,DEX,50.01,Z,1,--
15:46:11 ET,50,1,DEX,50,1,DEX,50.01,Z,1,--
15:46:11 ET,50,100,Q,50,1,DEX,50.03,B,5,--
15:46:04 ET,50.015,1,DF,50.01,4,Q,50.06,Q,3,--
15:46:02 ET,50.02,1,Q,50.01,2,Q,50.06,Q,2,--
15:46:01 ET,50.02,80,Q,50.01,4,Q,50.07,BYX,2,--
15:46:01 ET,50.02,20,Q,50.01,2,Q,50.07,BYX,2,--
15:45:55 ET,50.05,100,BYX,50.04,2,Q,50.06,Z,1,--
15:45:55 ET,50.05,100,Q,50.03,1,N,50.05,BYX,1,--
15:45:55 ET,50.05,100,DF,50.03,1,N,50.05,BYX,1,--
15:45:55 ET,50.04,100,Q,50.03,1,N,50.05,BYX,1,--
15:45:52 ET,50.02,100,N,50.01,3,Q,50.05,Q,1,--
15:45:52 ET,50.02,100,IX,50.01,2,Q,50.02,N,1,--
15:45:51 ET,50.03,100,Q,50.03,1,Q,50.06,Q,1,--
15:45:49 ET,50.0368,200,DF,50.03,2,Q,50.06,Q,1,--
15:45:49 ET,50.032,200,DF,50.03,2,Q,50.06,Q,1,--
15:45:46 ET,50.045,5,DF,50.03,2,Q,50.06,Q,1,--
15:45:46 ET,50.045,10,DF,50.03,2,Q,50.06,Q,1,--
15:45:43 ET,50.0548,400,DF,50.03,2,Q,50.06,Q,1,--
15:45:43 ET,50.0387,100,DF,50.03,2,Q,50.06,Q,1,--
15:45:43 ET,50.0387,100,DF,50.03,2,Q,50.06,Q,1,--
15:45:43 ET,50.0387,100,DF,50.03,2,Q,50.06,Q,1,--
15:45:43 ET,50.04,100,P,50.04,1,Q,50.05,Q,1,--
15:45:43 ET,50.04,100,DEX,50.03,1,Q,50.04,DEX,1,--
15:45:43 ET,50.04,6,Q,50.03,1,Q,50.04,DEX,1,--
15:45:43 ET,50.04,100,Q,50.03,1,Q,50.04,DEX,1,--
15:45:43 ET,50.0387,300,DF,50.03,1,Q,50.04,Q,2,--
15:45:43 ET,50.04,300,DF,50.03,1,Q,50.04,Q,2,--
15:45:41 ET,50.044,1493,DF,50.03,1,Q,50.07,IX,1,--
15:45:41 ET,50.07,7,DF,50.03,1,Q,50.07,IX,1,--
15:45:41 ET,50.0502,7,DF,50.03,1,Q,50.07,IX,1,--
15:45:40 ET,50.04,100,DF,50.03,1,Q,50.06,BYX,1,--
15:45:40 ET,50.05,100,DEA,50.04,1,Q,50.06,IX,1,--
15:45:40 ET,50.04,95,DEX,50.04,1,Q,50.06,P,2,--
15:45:40 ET,50.04,3,DEX,50.04,1,Q,50.06,P,2,--
15:45:40 ET,50.04,1,DEX,50.04,1,Q,50.05,NATL,1,--
15:45:40 ET,50.04,1,DEX,50.03,1,Q,50.05,NATL,1,--
15:45:40 ET,50.04,1,Z,50.03,1,Q,50.04,DEX,1,--
15:45:40 ET,50.04,1,Z,50.03,1,Q,50.04,DEX,1,--
15:45:40 ET,50.04,100,B,50.03,1,Q,50.04,DEX,1,--
15:45:40 ET,50.04,100,Q,50.01,2,Q,50.04,DEX,1,--
15:45:39 ET,50.02,100,P,49.99,2,PH,50.01,IX,1,--
15:45:39 ET,50.03,100,DEX,49.99,2,PH,50.01,IX,1,--
15:45:39 ET,50,100,Q,49.99,1,A,50.01,IX,1,--
15:45:37 ET,49.9901,40,DF,49.99,1,DEX,50.02,P,1,--
15:45:36 ET,50.01,41,Q,49.97,5,Q,50.02,N,1,--
15:45:36 ET,50.01,6,IX,49.97,5,Q,50.02,N,1,--
15:45:36 ET,50.01,12,Q,49.97,5,Q,50.01,IX,1,--
15:45:36 ET,50.01,47,Q,49.97,5,Q,50.01,IX,1,--
15:45:35 ET,49.985,100,P,49.96,8,P,50.01,IX,1,--
15:45:34 ET,49.99,100,Z,49.99,1,Q,50.01,IX,1,--
15:45:34 ET,50,1,Q,49.99,1,Q,50.01,IX,1,--
15:45:34 ET,50,99,Q,49.96,8,P,50.01,IX,1,--
15:45:34 ET,50,100,Q,49.96,8,P,50,Q,1,--
15:45:34 ET,49.98,100,Q,49.96,8,P,50,Q,2,--
15:45:32 ET,49.975,100,P,49.98,1,Q,50.01,IX,1,--
15:45:32 ET,49.99,100,DEX,49.98,1,Q,49.99,DEX,1,--
15:45:32 ET,49.99,100,Z,49.98,1,Q,49.99,DEX,1,--
15:45:32 ET,49.99,100,Q,49.96,4,Z,49.99,Z,1,--
15:45:27 ET,49.9737,20,DF,49.95,28,DEX,49.98,Q,1,--
15:45:27 ET,49.97,18,Q,49.95,27,DEX,49.97,PH,1,--
15:45:27 ET,49.97,100,B,49.95,27,DEX,49.97,B,1,--
15:45:27 ET,49.95,100,NATL,49.95,27,DEX,49.97,Q,2,--
15:45:27 ET,49.95,100,NATL,49.95,27,DEX,49.96,PH,1,--
15:45:27 ET,49.95,100,NATL,49.95,27,DEX,49.96,PH,1,--
15:45:27 ET,49.96,100,Q,49.95,27,DEX,49.96,Q,1,--
15:45:27 ET,49.96,100,Q,49.95,27,DEX,49.96,Q,2,--
15:45:27 ET,49.96,100,PH,49.95,27,DEX,49.96,Q,2,--
15:45:27 ET,49.96,100,B,49.95,27,DEX,49.96,Q,2,--
15:45:27 ET,49.96,100,NATL,49.95,27,DEX,49.96,Q,2,--
15:45:27 ET,49.96,100,Q,49.96,1,Q,49.97,B,1,--
15:45:27 ET,49.91,100,IX,49.96,2,P,50.01,B,4,--
15:45:27 ET,49.97,100,Q,49.98,2,P,50.01,IX,1,--
15:45:27 ET,49.97,100,Q,49.98,2,P,50.01,IX,1,--
15:45:26 ET,49.97,100,DF,49.96,2,Q,49.98,N,1,--
15:45:26 ET,49.96,100,Q,49.95,27,DEX,49.98,Q,2,--
15:45:26 ET,49.98,100,DF,49.96,1,Q,49.98,Q,2,--
15:45:26 ET,49.98,100,Q,49.95,27,DEX,50.01,NATL,2,--
15:45:26 ET,49.98,200,BYX,49.98,2,BYX,50.02,B,7,--
15:45:26 ET,49.98,99,DEA,49.98,2,Z,50.02,B,7,--
15:45:26 ET,50,200,P,50.03,1,IX,50.04,B,7,--
15:45:26 ET,50.02,200,P,50.03,1,IX,50.04,B,7,--
15:45:26 ET,49.98,100,N,50.03,2,N,50.04,B,8,--
15:45:26 ET,50.03,200,N,50.03,2,N,50.04,B,8,--
15:45:26 ET,49.96,100,DEX,50.03,2,N,50.04,B,2,--
15:45:26 ET,49.96,100,Z,50.03,2,N,50.04,B,2,--
15:45:26 ET,50,100,Z,50.03,2,N,50.04,B,2,--
15:45:26 ET,49.96,100,BYX,50.03,2,N,50.04,B,2,--
15:45:26 ET,50.01,100,DEX,50.03,2,N,50.04,B,2,--
15:45:26 ET,50,100,BYX,50.03,2,N,50.04,B,2,--
15:45:26 ET,50.01,100,Z,50.03,2,N,50.04,B,2,--
15:45:26 ET,50.01,100,DEX,50.03,2,N,50.04,PH,1,--
15:45:26 ET,50.01,100,DEA,50.03,2,N,50.04,PH,1,--
15:45:26 ET,50.01,100,BYX,50.03,2,N,50.04,PH,1,--
15:45:26 ET,50.01,100,Z,50.03,2,N,50.04,PH,1,--
15:45:26 ET,49.96,100,Q,50.03,2,N,50.04,PH,1,--
15:45:26 ET,50,100,Q,50.03,2,N,50.04,PH,1,--
15:45:26 ET,50.01,100,Q,50.03,2,N,50.04,PH,1,--
15:45:26 ET,50.01,100,Q,50.03,2,N,50.04,PH,1,--
15:45:26 ET,50.02,100,Q,50.03,2,N,50.04,PH,1,--
15:45:26 ET,50.03,100,Q,50.03,2,N,50.04,PH,1,--
15:45:26 ET,50.03,12,Q,50.03,2,N,50.04,PH,1,--
15:45:15 ET,50.01,150,DF,50.01,2,Q,50.02,Q,1,--
15:45:15 ET,50.02,100,DF,50,3,P,50.02,Q,1,--
15:45:15 ET,50.01,25,DF,50,3,P,50.02,Q,1,--
15:45:15 ET,50.01,100,P,50,1,Z,50.02,Q,1,--
15:45:15 ET,50,13,Q,50.01,1,P,50.02,Q,1,--
15:45:15 ET,50,1,Q,50.01,1,P,50.02,Q,1,--
15:45:15 ET,50,10,Q,50.01,1,P,50.02,Q,1,--
15:45:15 ET,50,10,Q,50.01,1,P,50.02,Q,1,--
15:45:15 ET,50,46,Q,50.01,1,P,50.02,Q,1,--
15:45:15 ET,50.01,100,P,50.01,1,P,50.02,Q,1,--
15:45:15 ET,50.01,100,P,50.01,1,P,50.02,Q,1,--
15:45:15 ET,50.02,100,DEX,50,1,DEA,50.02,Z,2,--
15:45:15 ET,50.02,100,DEX,50,1,DEA,50.02,Z,2,--
15:45:15 ET,50,1,DEX,50,1,DEA,50.02,Q,2,--
15:45:15 ET,50,1,DEX,50,1,DEA,50.02,Q,2,--
15:45:15 ET,50,200,P,50,2,P,50.02,Q,3,--
15:45:15 ET,50,200,N,50,2,P,50.02,Q,3,--
15:45:15 ET,50,89,B,50,2,P,50.02,Q,3,--
15:45:15 ET,50.01,100,Q,50,2,N,50.01,Q,1,--
15:45:15 ET,50.01,100,Q,50,2,N,50.01,Q,2,--
15:45:15 ET,50.01,1,DEX,50,2,N,50.01,Q,1,--
15:45:15 ET,50.01,10,BYX,50,2,N,50.02,Q,3,--
15:45:15 ET,50.01,100,Z,50,2,N,50.01,Z,1,--
15:45:15 ET,50.01,10,Z,50,2,N,50.01,Q,2,--
15:45:15 ET,50.01,100,Q,50,2,N,50.01,Q,1,--
15:45:15 ET,50.01,100,Q,50,2,N,50.01,Q,1,--
15:45:15 ET,50,34,Q,50,3,P,50.01,Z,1,--
15:45:15 ET,50.01,100,Q,50,3,P,50.01,Q,1,--
15:45:15 ET,50,200,DEX,50,3,P,50.01,Q,1,--
15:45:15 ET,50.01,100,Q,50,3,P,50.01,Q,2,--
15:45:15 ET,50,200,Z,50,3,P,50.01,Q,1,--
15:45:15 ET,50,20,Q,50,3,P,50.01,Q,1,--
15:45:15 ET,50,200,BYX,50,3,P,50.02,Q,2,--
15:45:15 ET,50,100,DEA,50,3,P,50.02,Q,2,--
15:45:15 ET,50.01,100,Q,50,3,P,50.01,Q,1,--
15:45:15 ET,50.01,100,Q,50,3,P,50.01,Q,2,--
15:45:15 ET,50,100,PH,50,3,Z,50.02,Q,2,--
15:45:15 ET,50,100,PH,50,3,Z,50.02,Q,2,--
15:45:15 ET,50,200,Q,50,3,Z,50.02,Q,2,--
15:45:15 ET,50,200,B,50,3,Z,50.02,Q,2,--
15:45:15 ET,50.02,500,Q,49.99,1,Q,50.02,B,5,--
15:45:15 ET,50.02,100,Q,49.99,1,Q,50.02,Q,6,--
15:45:15 ET,50.01,100,Q,49.98,5,Z,50.02,Q,6,--
15:45:15 ET,50.01,100,Q,49.98,5,Z,50.02,Q,6,--
15:45:15 ET,50.03,500,DF,50,2,P,50.02,Q,2,--
15:45:15 ET,50.02,100,DF,50,3,P,50.02,Q,2,--
15:45:15 ET,50,96,B,50.01,2,P,50.02,Q,2,--
15:45:15 ET,50.03,100,Q,50.02,2,N,50.06,B,5,--
15:45:12 ET,50.05,100,P,50.06,2,Q,50.09,Z,1,--
15:45:12 ET,50.06,93,Q,50.05,1,Q,50.08,BYX,1,--
15:45:12 ET,50.06,7,Q,50.04,1,Q,50.07,Q,1,--
15:45:12 ET,50.05,100,Q,50.04,1,Q,50.06,Q,1,--
15:45:11 ET,50.0402,1800,DF,50.04,1,Q,50.06,Q,1,--
15:45:11 ET,50.04,4200,DF,50.04,1,Q,50.06,Q,1,--
15:45:05 ET,50.03,100,Q,50.03,2,Z,50.05,Q,1,--
15:45:05 ET,50.03,100,Q,50.03,2,N,50.06,Q,2,--
15:45:05 ET,50.04,100,Q,50.03,2,N,50.06,Q,2,--
15:45:05 ET,50.05,30,Q,50.03,2,N,50.06,Q,2,--
15:45:02 ET,50.0561,100,DF,50.05,1,Q,50.07,Q,1,--
15:45:02 ET,50.05,100,DF,50.05,1,Q,50.07,Q,1,--
15:45:02 ET,50.0561,100,DF,50.05,1,Q,50.07,Q,1,--
15:45:02 ET,50.05,100,DF,50.05,1,Q,50.07,Q,1,--
15:44:59 ET,50.07,3,Q,50.03,1,IX,50.08,BYX,1,--
15:44:58 ET,50.04,100,DEX,50.02,2,Q,50.04,DEX,1,--
15:44:56 ET,50.0225,300,DF,49.99,1,Q,50.04,DEX,3,--
15:44:52 ET,49.96,100,Z,49.98,1,N,50.01,Q,1,--
15:44:52 ET,49.99,100,Q,49.98,1,N,50.03,B,1,--
15:44:48 ET,49.995,100,Q,49.98,1,Q,50.01,IX,1,--
15:44:47 ET,49.96,100,DEX,50,1,N,50.02,Q,1,--
15:44:47 ET,49.96,100,Z,50,1,A,50.02,Q,1,--
15:44:47 ET,50,100,Q,50,1,PH,50.03,Q,1,--
15:44:47 ET,50,100,Q,50,1,PH,50.03,Q,1,--
15:44:47 ET,50.01,100,Q,50,2,Q,50.03,Q,1,--
15:44:41 ET,50.01,455,DF,50.01,2,Q,50.05,Q,1,--
15:44:41 ET,50,246,P,50,4,DEX,50.02,Q,7,--
15:44:41 ET,50,54,P,50,4,DEX,50,P,2,--
15:44:41 ET,50,300,DEX,49.99,7,Q,50.02,Q,7,--
15:44:41 ET,50,300,Z,49.99,6,Q,50,DEX,3,--
15:44:41 ET,50,290,Q,49.99,8,DEX,50,Z,3,--
15:44:41 ET,50,10,Q,49.99,8,DEX,50,Z,3,--
15:44:41 ET,50,300,P,49.99,5,Z,50,P,3,--
15:44:41 ET,50,300,DEX,49.99,1,Q,50,DEX,3,--
15:44:41 ET,50,300,Z,49.99,1,Q,50,DEX,3,--
15:44:41 ET,50,300,Q,49.98,5,Q,50,Z,3,--
